3567 5409
495 476 550 547 556
876 478 1082 536 morionum
1099 480 1278 537 lonrrrron

455 794 679 869 DOMINAE
700 801 1036 873 CONSTANTIAE
1052 790 1400 873 PALLAVICINAE
1424 798 1681 871 CORTESIAE

863 948 953 993 noni
965 950 983 1005 7
996 948 1154 993 octonas
1169 934 1239 1007 1553
1253 937 1274 993 ⁸.

459 1048 526 1104 Pro
538 1051 649 1120 studio,
662 1068 720 1123 quo
738 1051 804 1124 ipen
817 1052 851 1109 in
865 1053 1043 1111 waiam
1050 1052 1169 1125 fertur,
1180 1057 1303 1110 nrotaeu
1314 1052 1468 1123 inpedire
1487 1049 1563 1107 ultr
1579 1047 1681 1121 quoni·

514 1155 573 1195 nus
585 1140 658 1196 socii
670 1142 854 1199 mutinenses
865 1144 900 1197 in
915 1142 1015 1199 oliam
1026 1144 1148 1203 domum
1162 1144 1354 1217 immigrant,
1367 1143 1445 1214 quin
1458 1144 1568 1214 potins
1575 1137 1678 1211 migra·

514 1228 606 1285 tionis
619 1230 779 1285 consilinm
793 1232 927 1303 adjuvet.

533 1344 603 1413 Min
618 1346 755 1435 signora
772 1348 827 1415 nel
842 1346 969 1436 Signor
985 1358 1112 1417 nostro.

523 1462 576 1529 La
592 1462 849 1551 sommagratia
863 1474 900 1533 et
915 1486 1010 1531 amor
1024 1475 1144 1534 eterno
1158 1452 1203 1534 de
1218 1462 1285 1532 X.⁰
1300 1475 1419 1532 nostro
1440 1462 1563 1551 signor
1577 1462 1675 1530 salute

453 1585 495 1643 et
510 1576 603 1645 uisiti
620 1578 663 1645 V.
681 1578 770 1649 Stia.
787 1600 852 1647 con
867 1580 919 1651 soi
934 1579 1120 1649 santissimi
1134 1580 1217 1649 doni
1231 1591 1267 1651 et
1282 1579 1394 1667 gratie
1408 1577 1589 1667 spirituali.

529 1693 740 1762 intendendo
756 1716 816 1781 per
831 1696 952 1763 lettere
967 1694 1047 1763 delli
1064 1695 1170 1763 nostri
1185 1697 1301 1783 quello
1316 1699 1383 1765 che
1398 1695 1422 1762 li
1434 1694 1560 1763 medici
1570 1704 1673 1763 sento-

455 1828 507 1873 no
521 1819 558 1875 et
573 1808 596 1874 l'
614 1808 819 1896 operientia
832 1824 961 1878 mostra
975 1808 1010 1877 di
1026 1812 1248 1897 quellncasa,
1264 1812 1355 1880 done
1373 1832 1461 1879 sono
1475 1810 1571 1879 statti
1580 1808 1605 1876 li
1618 1830 1670 1874 no

457 1922 523 1989 stri
538 1923 573 1991 in
591 1925 737 1994 Modena
757 1924 858 1994 insin'
873 1927 1006 2007 adesso,
1024 1926 1059 1993 di
1075 1948 1144 2013 qua
1154 1927 1263 1994 siamo
1278 1926 1421 1996 resoluti
1432 1929 1499 1996 che
1511 1947 1577 1993 coo
1590 1926 1668 1992 hom

455 2034 663 2107 conscieoza
678 2062 746 2108 non
763 2041 934 2129 possiamo
948 2043 994 2109 oi
1008 2041 1166 2110 debiamo
1181 2054 1388 2129 permonere
1399 2043 1528 2110 roetino
1539 2042 1575 2108 in
1585 2040 1668 2109 detto

461 2155 568 2243 logho
583 2156 609 2223 ².
630 2158 760 2225 Perche
777 2178 871 2226 esser
890 2158 1061 2246 preparati
1082 2180 1102 2225 a
1121 2158 1205 2245 ogni
1221 2158 1385 2242 infirmita
1398 2170 1435 2227 et
1455 2169 1563 2227 morte
1581 2154 1666 2243 peril

453 2270 577 2339 diuino
603 2270 744 2340 seruitio
770 2284 806 2341 et
825 2272 973 2361 aggluto
992 2274 1073 2342 dell'
1096 2273 1209 2341 anime
1229 2274 1248 2341 ὲ
1269 2294 1350 2342 cosa
1369 2273 1604 2352 conueniente,
1619 2291 1667 2335 ma

462 2405 532 2453 non
548 2386 606 2475 gii
622 2408 687 2455 con
704 2386 946 2475 impedimento
965 2389 1021 2457 del
1041 2391 1136 2457 detto
1156 2389 1237 2469 fine,
1261 2410 1361 2459 come
1381 2390 1528 2457 sorebbe
1547 2398 1664 2474 questo.

455 2501 516 2569 Dil
532 2506 597 2573 che
613 2506 657 2572 V.
680 2504 768 2573 Sria.
790 2507 888 2595 potrt
908 2507 996 2574 bene
1018 2503 1187 2593 giudicar,
1208 2505 1419 2574 intendendo
1440 2518 1567 2592 quanto
1589 2522 1665 2591 poco

460 2617 511 2685 sia
526 2618 655 2689 seruita
671 2620 704 2687 la
719 2618 801 2687 citt&
816 2633 852 2688 et
865 2620 968 2691 etiam
985 2620 1009 2687 li
1024 2621 1141 2690 deuoti
1157 2622 1201 2689 da
1220 2622 1245 2687 li
1261 2620 1382 2702 nostri,
1405 2620 1521 2709 doppo
1539 2622 1600 2690 che
1616 2638 1663 2683 oo·
1689 2685 1694 2697 ,

457 2734 650 2805 minciorno
664 2737 708 2805 ad
724 2736 901 2805 amalarse.
919 2736 958 2805 Sl
973 2739 1041 2805 che
1056 2758 1076 2804 a
1091 2738 1137 2806 V.
1155 2736 1243 2807 Sria.
1261 2736 1417 2825 supplico
1429 2758 1498 2805 non
1511 2736 1664 2805 lanciare

458 2848 609 2919 sistenza
624 2852 774 2920 alchuna
789 2852 880 2919 circa
895 2854 929 2922 la
942 2853 1131 2921 mutatione
1147 2853 1190 2923 de
1206 2874 1298 2935 casa,
1317 2852 1394 2921 anzi
1409 2851 1613 2941 aggluti'per
1626 2848 1664 2915 tal

455 2967 578 3035 efletto
595 2988 660 3034 con
676 2968 707 3035 la
723 2989 787 3035 sua
802 2967 902 3035 solita
918 2967 1026 3037 coriti
1043 2990 1145 3037 uerso
1159 2968 1183 3035 li
1206 2968 1298 3038 serui
1319 2970 1364 3038 de
1382 2969 1465 3037 Dio.
1489 2970 1533 3035 Et
1550 2963 1664 3035 beochl

462 3081 589 3149 restino
605 3082 707 3170 pochi
723 3082 758 3149 in
774 3103 932 3166 numero,
949 3082 1126 3155 seroiraoo
1142 3083 1201 3171 pir'r
1217 3084 1251 3150 al
1267 3085 1334 3152 ben
1350 3104 1531 3151 commune
1542 3082 1570 3149 si
1582 3094 1665 3149 snno

455 3198 709 3265 accommodati
729 3209 764 3267 et
785 3200 872 3281 sani,
893 3183 960 3268 ohe
986 3199 1015 3267 si
1036 3198 1164 3269 lossino
1185 3200 1288 3267 morti
1308 3220 1329 3266 e
1349 3200 1431 3267 tutti
1450 3222 1473 3267 o
1492 3198 1586 3285 quasi
1599 3192 1663 3264 tuni

454 3310 651 3406 [indispostl
669 3332 770 3381 como
785 3326 884 3383 stano
905 3316 1038 3385 adesso.

526 3430 570 3495 Et
587 3431 666 3497 nell'
684 3431 770 3498 altre
786 3451 869 3499 cose
883 3430 1143 3500 remettendomi
1159 3453 1181 3497 a
1195 3443 1314 3500 nostro
1334 3433 1469 3501 fratello
1487 3433 1554 3498 don
1572 3431 1662 3497 Frao-

454 3562 561 3611 cesco
577 3545 721 3625 Palmio‚
738 3548 816 3614 saro
833 3555 930 3613 tanto
956 3546 1015 3633 pin
1035 3548 1154 3627 breue,
1178 3546 1524 3615 raccomandandomi
1539 3548 1580 3613 da
1597 3564 1662 3610 core

455 3677 524 3725 con
543 3670 632 3726 tutta
645 3672 766 3747 questa
780 3681 860 3729 casa
873 3660 953 3729 nell'
971 3660 1116 3728 orationi
1133 3662 1177 3730 de
1192 3664 1236 3731 V.
1256 3662 1345 3733 sria.

525 3776 681 3863 Degnesi
700 3776 734 3846 la
754 3776 871 3846 diuina
892 3787 927 3847 et
947 3776 1079 3845 somme
1099 3778 1205 3845 bontl
1226 3801 1247 3845 a
1268 3778 1348 3845 tutti
1370 3778 1558 3847 concedere
1572 3770 1663 3863 gratia

457 3908 521 3976 per
535 3910 721 3961 conoscere
736 3904 771 3959 et
786 3892 952 3980 exeguire
966 3914 1030 3960 sun
1044 3892 1239 3963 sontissima
1256 3894 1412 3961 nolunti.
1630 3874 1634 3881 ⁵

525 4008 578 4074 De
595 4008 703 4075 Roma
719 4024 738 4091 7
755 4007 790 4075 di
806 4008 955 4077 Ottobre
975 4025 1071 4095 1553.

526 4122 724 4211 Inscriptio.
744 4125 810 4194 Per
826 4125 858 4192 la
875 4124 1067 4192 Caunlliera
1087 4126 1261 4195 Cortessa.

463 4256 656 4277 ι-...-,--.

513 4328 521 4361 ¹
560 4328 604 4382 Ex
616 4325 717 4383 codice
728 4328 847 4401 Rogant.
861 4328 886 4393 I,
901 4328 952 4389 fol.
966 4328 1195 4400 37v.-Cortoo,
1209 4349 1238 4387 n.
1252 4328 1395 4387 cchv.

512 4420 523 4453 ⁸
561 4414 637 4471 Vide
650 4416 790 4489 epistolas
803 4415 873 4487 3805
887 4417 1055 4488 et3805bi1.
