3567 5409
1017 471 1227 528 prsr.
1268 468 1591 543 3924.-22
1630 472 2021 528 Novmfflms
2065 469 2203 542 ¹553
2628 472 2734 541 7¹3

476 627 610 693 Per
641 626 813 693 altre
856 626 1100 695 lettere
1140 626 1200 693 si
1238 627 1577 714 responde
1620 651 1661 694 a
1704 627 1929 712 quelle
1971 626 2058 695 de
2099 628 2191 696 V.
2237 629 2319 694 R.
2369 628 2423 694 ².
2466 627 2728 710 Questa
2766 627 2798 692 ὲ

320 741 719 810 solamente
765 763 888 830 per
932 740 1229 811 auisarla
1266 745 1398 812 che
1446 742 1491 808 il
1537 744 1728 811 Rmo,
1784 756 1856 810 et
1906 743 2122 809 Inmo.
2175 742 2411 830 signor
2458 741 2798 808 cardinale

317 856 398 922 d’
427 858 758 944 Augusta
781 859 806 892 ⁸
833 859 926 925 ha
951 859 1122 927 fatto
1146 857 1471 926 instantia
1495 879 1618 944 per
1642 860 1858 925 hauet
1883 879 2020 924 vno
2044 858 2373 943 theologo
2398 857 2577 923 della
2600 858 2802 923 Com-

322 973 589 1059 pagnia
621 973 693 1039 in
726 981 970 1059 questa
1001 974 1209 1054 dieta,
1246 978 1376 1043 che
1406 973 1656 1040 dicono
1688 973 1746 1040 si
1769 974 2143 1054 celebrata,
2174 973 2495 1040 uenendo
2521 973 2562 1038 l'
2590 970 2802 1056 impe-

323 1100 562 1155 ratore
585 1088 655 1154 in
691 1089 1127 1176 Allamagna.
1157 1089 1414 1158 Nostro
1440 1089 1664 1157 Padre
1687 1088 1748 1156 si
1771 1110 1895 1175 per
1918 1109 2107 1157 esser
2130 1088 2171 1153 l'
2201 1109 2407 1173 opera
2434 1088 2593 1167 tale,
2623 1088 2802 1156 done

320 1204 389 1271 si
423 1206 567 1291 puo
599 1227 876 1292 sperare
906 1205 1191 1274 seruitio
1221 1207 1286 1271 d’
1330 1205 1521 1272 Iddio
1544 1190 1656 1276 ¹N.
1700 1207 1808 1285 S„
1854 1204 1914 1272 sl
1957 1203 2164 1274 etiam
2204 1227 2329 1291 per
2369 1225 2595 1272 essere
2638 1208 2798 1269 tutti

321 1320 449 1386 noi
491 1320 895 1388 deditissimi
936 1333 1007 1391 et
1046 1321 1419 1391 desiderosi
1461 1322 1549 1390 de
1591 1321 1851 1388 seruire
1893 1322 1958 1388 al
1999 1319 2345 1389 cardinale
2386 1341 2427 1386 a
2459 1319 2681 1408 gloria
2714 1320 2798 1388 de

320 1435 491 1516 Dio,
527 1437 811 1504 haueria
842 1459 883 1504 a
915 1459 1074 1505 caro
1107 1437 1558 1524 compiacerlo
1589 1437 1659 1504 in
1694 1445 1938 1522 questa
1961 1445 2180 1523 parte,
2209 1459 2285 1505 se
2307 1435 2365 1502 si
2387 1435 2643 1523 potessi
2667 1456 2794 1501 con

318 1552 566 1620 buona
599 1552 823 1638 gratia
853 1564 924 1622 et
954 1553 1229 1622 licentia
1259 1553 1439 1621 della
1470 1552 1731 1621 maesta
1764 1550 1979 1639 regia.
2010 1553 2311 1637 Quando
2336 1553 2656 1637 adonque
2679 1576 2798 1636 per

319 1678 523 1752 parte
554 1652 664 1734 del
698 1668 1044 1753 cardinale
1079 1669 1333 1736 fossino
1368 1668 1674 1736 richiesti
1711 1670 1774 1736 le
1809 1670 1954 1735 RR.
2006 1669 2161 1736 VV.
2219 1668 2412 1735 accio
2459 1689 2600 1733 vno
2640 1668 2802 1736 delli

327 1784 643 1871 theologi
675 1787 716 1850 l’
751 1785 1239 1870 acompagnasi
1273 1785 1341 1850 in
1379 1796 1623 1869 questa
1653 1784 1864 1864 dieta,
1900 1785 1966 1849 la
2001 1786 2084 1851 R.
2127 1786 2212 1850 V.
2252 1783 2449 1870 potra
2486 1805 2603 1869 per
2642 1805 2718 1849 se
2762 1804 2802 1848 o

324 1919 450 1984 per
481 1901 658 1966 altro
690 1902 1192 1987 rapresentarlo
1224 1901 1287 1966 al
1323 1922 1419 1981 re;
1457 1911 1526 1968 et
1560 1901 1838 1984 quando
1863 1901 1937 1969 S.
1971 1902 2065 1967 M.
2097 1897 2499 1967 concedessi
2525 1899 2802 1964 licentia

320 2015 709 2084 solamente
739 2037 858 2103 per
895 2016 940 2081 il
974 2028 1204 2101 tempo
1227 2017 1405 2083 della
1438 2016 1650 2097 dieta,
1687 2036 1861 2101 poco
1895 2015 2010 2100 piis
2043 2037 2086 2081 o
2118 2036 2343 2095 men0,
2383 2013 2603 2100 potra,
2638 2037 2798 2080 san-

323 2151 410 2196 za
444 2141 748 2217 aspettar
779 2131 849 2197 di
882 2154 1018 2216 qua
1053 2134 1224 2198 altra
1257 2132 1574 2218 risposta,
1613 2134 1827 2199 andar
1869 2132 1979 2197 dal
2022 2131 2367 2198 cardinale
2408 2129 2518 2196 ehi
2561 2132 2798 2215 patera

329 2244 422 2333 [a]
461 2248 550 2314 V.
588 2250 670 2314 R.
707 2248 959 2315 debbia
991 2250 1203 2315 andar
1233 2249 1394 2315 delli
1423 2260 1547 2315 tre.
1585 2250 1672 2315 Et
1705 2246 1825 2338 [in]
1850 2246 2018 2334 ogni
2042 2268 2203 2314 cosa
2226 2257 2296 2314 et
2323 2247 2479 2312 loco
2505 2245 2563 2311 si
2587 2268 2794 2313 serua

320 2361 520 2428 Iddio
552 2364 639 2429 N.
678 2364 760 2432 S.
808 2364 893 2430 de
928 2364 1087 2430 tutti
1122 2364 1264 2430 noi.

459 2479 599 2544 ΑΠ’
637 2479 925 2545 orationi
952 2481 1129 2546 delle
1162 2482 1307 2548 RR.
1339 2482 1494 2548 VV.
1537 2481 1698 2546 tutti
1727 2479 1793 2546 ci
1825 2477 2443 2546 raccomandiamO.

457 2597 567 2660 De
597 2597 813 2662 Roma
848 2613 933 2661 22
967 2595 1036 2661 di
1069 2597 1466 2666 Nouembre
1506 2612 1699 2680 1553.

463 2712 856 2796 Inscriptio,
896 2711 1028 2778 Per
1060 2711 1305 2792 Viena,
1343 2713 1408 2778 al
1441 2713 1520 2778 P.
1554 2714 1809 2797 Lanoy.

1455 2902 1670 2983 3924

648 3041 931 3111 PATRI
979 3044 1407 3112 N1COLAo
1456 3039 1941 3111 'GAUDANO
1989 3043 2113 3107 Ex
2161 3043 2440 3109 COMM

1120 3191 1295 3243 ROMA
1325 3191 1393 3232 22
1420 3189 1784 3232 novssussms
1817 3174 1954 3245 1553
1989 3177 2030 3234 ¹.

313 3293 610 3350 Studium
636 3313 815 3350 suum
841 3298 914 3350 de
939 3294 1303 3366 adjuvanda
1335 3295 1678 3351 Germania
1703 3294 2129 3348 extollite-De
2165 3292 2574 3348 lacrimarum
2611 3293 2790 3347 down..

457 3423 603 3488 Pax
637 3420 750 3490 X.i

455 3537 876 3604 Charissimo
913 3538 1134 3604 Padre
1171 3539 1305 3602 mio
1339 3537 1406 3603 in
1439 3537 1607 3624 Jest‘x
1640 3536 1943 3604 Christo.

454 3654 569 3720 Ho
602 3653 917 3720 riceuuto
953 3654 1177 3738 quella
1211 3653 1281 3718 di
1324 3672 1399 3720 12
1433 3654 1521 3721 de
1556 3652 1851 3720 Ottobre
1876 3652 1963 3717 de
1990 3653 2075 3718 V.
2112 3654 2223 3731 R„
2253 3662 2322 3716 et
2349 3650 2440 3715 mi
2467 3652 2554 3716 da
2581 3652 2790 3716 molta

315 3768 753 3837 edificatione
789 3771 995 3836 veder
1025 3769 1071 3835 il
1102 3769 1443 3836 desiderio
1476 3791 1602 3835 suo
1634 3769 1721 3836 de
1754 3767 2078 3854 aggiutar
2110 3768 2157 3831 l'
2207 3766 2431 3834 anime
2475 3767 2560 3832 de
2607 3768 2778 3836 Ger-

322 3885 572 3968 mania,
608 3908 746 3952 non
780 3887 1158 3953 solamente
1190 3906 1321 3951 con
1357 3886 1422 3949 la
1455 3884 1921 3970 predicatione
1966 3895 2036 3952 et
2081 3882 2234 3950 altri
2277 3883 2452 3949 mezi
2498 3884 2782 3960 esterni,

318 4022 432 4067 ma
462 4002 667 4070 etiam
699 4022 832 4069 con
863 4003 928 4070 le
961 4002 1312 4081 lachrime,
1349 4001 1526 4067 delle
1559 4000 1742 4086 quali
1785 4000 2100 4068 desidera
2144 4001 2400 4067 hauere
2441 4000 2627 4066 dono
2672 4000 2782 4064 del

313 4117 650 4186 donatore
681 4118 753 4182 d'
788 4117 954 4203 ogni
987 4119 1188 4185 bene.

452 4235 540 4299 Et
563 4245 821 4319 quanto
846 4234 975 4299 alla
1002 4234 1216 4319 prima
1242 4246 1433 4321 parte
1459 4234 1568 4302 del
1594 4232 1960 4319 aggiutare
1985 4232 2500 4299 efficacemente
2522 4231 2569 4296 li
2597 4252 2786 4316 pros*-

423 4445 445 4473 ²
522 4439 675 4495 Vide
701 4440 983 4513 epistolas
1009 4439 1338 4511 3928-3930.

424 4531 447 4562 ³
521 4529 667 4588 Otto
690 4531 1138 4588 TruchsessiuS.

428 4705 443 4735 ⁸
520 4702 607 4755 Ex
634 4700 840 4757 codice
875 4703 1104 4774 Regest.
1138 4702 1188 4765 1,
1218 4701 1318 4756 fol.
1349 4713 1476 4756 210.
