3567 5409
632 493 737 551 Eetsr.
756 489 894 562 3542·-9
913 491 994 562 Jutu
1015 487 1083 561 ¹55³
1190 515 1192 520 ·
1385 489 1432 552 181

307 646 445 714 Dilecto
461 646 496 712 in
513 644 653 713 Christo
668 643 764 712 fratri
782 646 822 711 P.
841 643 1020 711 Emanueli
1042 643 1085 712 de
1105 644 1281 730 Nobrega,
1305 643 1470 729 praesby-

229 776 318 830 tero
333 762 487 830 eiusdem
503 760 701 844 societatis,
718 762 863 830 salutem
879 760 915 828 in
930 759 1081 828 Domino
1094 759 1350 846 sempiternam.

309 879 412 958 Cum,
430 888 609 947 crescente
624 876 660 944 in
672 875 747 946 dies
758 876 905 946 diuersis
916 876 952 943 in
965 875 1167 964 regionibus
1180 896 1324 942 numero
1337 895 1471 957 eorum,

234 993 304 1078 qui
319 1006 476 1060 nostrum
491 993 688 1061 institutum
704 1003 909 1078 sequuntur,
927 1013 987 1079 per
1003 995 1047 1060 D.
1074 993 1118 1059 N.
1137 994 1222 1080 Jesu
1241 990 1370 1058 Christi
1392 1012 1472 1078 gra-

236 1109 341 1192 tiam,
367 1121 501 1177 crescat
522 1108 626 1176 etiam
650 1109 754 1176 rebus
776 1106 895 1175 multis
921 1107 1137 1194 prouidendi,
1167 1116 1202 1174 et
1225 1118 1474 1194 consequenter

238 1229 312 1291 hoc
335 1246 424 1294 onus
445 1246 525 1290 cum
549 1223 624 1292 aliis
639 1224 808 1311 partiendi
831 1223 1031 1305 necessitas
1057 1223 1169 1291 uisum
1192 1235 1245 1290 est
1266 1222 1303 1289 in
1325 1222 1476 1291 Domino

237 1339 408 1427 expedire
423 1351 475 1420 ut,
493 1342 643 1426 aliquem
659 1362 703 1407 ex
718 1339 880 1406 fratribus
903 1337 1029 1406 nostris
1044 1338 1144 1406 nobis
1165 1337 1419 1420 substituendo,
1441 1349 1476 1405 et

241 1456 477 1542 praepositum
494 1456 646 1523 omnium
663 1455 813 1536 illorum,
831 1454 941 1539 quiin
959 1454 1054 1521 India
1071 1453 1244 1533 Brassilia,
1259 1453 1476 1521 serenissimo

242 1571 323 1658 regi
347 1570 580 1657 Portugalliae
603 1571 753 1651 subdita,
778 1581 814 1639 et
837 1568 912 1637 aliis
936 1568 1156 1638 ulterioribus
1176 1569 1388 1656 regionibus
1411 1571 1476 1636 sub

239 1686 441 1754 obedientia
458 1686 642 1755 Societatis
658 1698 796 1753 nostrae
813 1686 949 1766 uiuunt,
967 1685 1222 1766 constituendo,
1241 1685 1351 1751 eidem
1365 1698 1476 1752 caete·

243 1824 285 1870 ra
301 1800 428 1882 omnia,
446 1824 534 1887 quae
551 1801 658 1868 nostri
674 1800 779 1868 officii
796 1812 925 1882 essent,
943 1800 1245 1868 committeremus.

316 1920 390 1984 Nos
405 1939 502 2004 ergo,
520 1939 600 1985 cum
617 1919 661 1983 de
677 1929 736 1985 tua
750 1915 877 2004 pietate
892 1927 928 1984 et
943 1915 1136 2003 prudentia,
1154 1937 1242 2001 quae
1258 1927 1310 1983 est
1326 1916 1360 1982 in
1377 1918 1493 1996 Chri,

244 2045 304 2100 sto
315 2036 413 2122 Jesu,
431 2033 615 2120 plurimum
632 2033 666 2099 in
683 2034 804 2100 eodem
820 2031 1039 2112 confidimus,
1059 2045 1093 2098 te
1104 2031 1139 2098 in
1153 2032 1382 2118 praepositum
1396 2055 1477 2119 pro·
1588 2107 1589 2112 ,

245 2149 432 2216 uincialem
450 2149 603 2215 omnium
623 2159 832 2240 nostrorum,
858 2147 917 2232 qui
939 2147 974 2214 in
995 2147 1157 2233 predictis
1178 2146 1376 2234 regionibus
1399 2170 1477 2216 uer-

247 2275 384 2344 santur,
410 2286 489 2330 cum
514 2263 608 2330 omni
631 2285 672 2332 ea
692 2263 914 2342 authoritate,
933 2284 1036 2348 quam
1053 2263 1153 2332 sedes
1175 2263 1360 2349 apostolica
1380 2263 1480 2330 nobis

246 2380 433 2460 concessit,
459 2391 494 2447 et
517 2379 780 2447 constitutiones
809 2389 946 2448 nostrae
974 2377 1156 2448 Societatis
1183 2377 1282 2445 nobis
1310 2377 1478 2458 tribuunt,

246 2517 410 2564 creamus
436 2507 471 2565 et
499 2494 722 2577 instituimus,
751 2495 849 2561 acin
875 2494 1003 2562 uirtute
1030 2505 1170 2562 sanctae
1185 2494 1412 2574 obedientiae,
1443 2508 1480 2562 ut

248 2615 342 2678 hanc
358 2633 462 2680 curae
477 2623 615 2680 nostrae
631 2622 761 2698 partem
777 2621 812 2679 et
824 2609 1042 2677 authoritatis
1055 2608 1287 2697 suscipiendo,
1302 2613 1421 2678 eadem
1438 2613 1481 2679 ad
1536 2695 1542 2708 ι

249 2727 508 2813 inquirendum,
530 2727 772 2808 ordinandum,
798 2726 1067 2806 reformandum,
1097 2725 1333 2805 inhibendum,
1363 2727 1462 2814 prohi

249 2843 416 2922 bendum,
446 2842 697 2912 admittendum
723 2841 760 2908 in
786 2842 995 2911 Societatem
1023 2841 1067 2908 ad
1095 2840 1348 2928 probationem,
1377 2855 1413 2912 et
1440 2844 1483 2910 ab

248 2958 372 3026 eadem
387 2959 632 3043 repellendum,
647 2979 734 3044 quos
747 2955 933 3036 uidebitur,
943 2956 1222 3024 constituendum
1236 2955 1338 3024 etiam
1350 2957 1386 3024 in
1397 2978 1484 3042 quo·

252 3072 308 3140 uis
330 3073 460 3155 officio,
485 3084 520 3141 et
543 3074 798 3159 deponendum,
824 3083 860 3139 et
883 3070 920 3138 in
943 3093 1074 3138 summa
1099 3073 1143 3138 ad
1166 3071 1417 3157 disponendum
1440 3074 1485 3144 de

252 3189 426 3272 omnibus,
444 3210 532 3274 quae
547 3211 622 3269 nos,
636 3188 666 3255 si
683 3207 882 3275 praesentes
897 3209 1063 3266 essemus
1078 3187 1168 3254 circa
1183 3187 1270 3270 loca,
1289 3211 1344 3256 res
1359 3200 1395 3258 et
1406 3210 1483 3276 per-

249 3325 369 3384 sonas,
388 3327 476 3391 quae
491 3306 536 3371 ad
551 3304 762 3374 Societatem
778 3303 965 3391 pertinent,
985 3323 1164 3389 possemus
1179 3301 1372 3390 disponere,
1391 3318 1425 3373 et
1442 3305 1485 3372 ad

252 3420 320 3487 Dei
335 3421 481 3506 gloriam
498 3421 611 3489 facere
627 3418 808 3500 iudicabis,
826 3417 1023 3506 plenissime
1044 3417 1163 3486 utaris.
1183 3420 1262 3486 Hoc
1282 3420 1385 3500 enim,
1404 3441 1485 3507 gra-

254 3534 337 3602 tiam
357 3535 423 3602 Dei
442 3536 722 3622 consyderantes,
745 3537 789 3602 ad
809 3533 918 3623 ipsius
939 3536 1117 3615 honorem,
1140 3525 1175 3603 et
1190 3536 1234 3602 ad
1250 3557 1368 3604 eorum
1385 3535 1485 3622 spiri·

255 3653 384 3720 tualem
401 3651 605 3738 profectum,
624 3650 683 3736 qui
695 3662 711 3692 ⁸
722 3662 860 3718 nostrae
872 3670 977 3716 curae
989 3659 1072 3716 sunt
1088 3649 1273 3733 commissi,
1288 3651 1377 3716 etad
1393 3671 1487 3718 com-

253 3787 394 3834 munem
412 3767 601 3834 animarum
618 3768 762 3834 salutem
779 3767 855 3834 sore
871 3765 906 3832 in
924 3764 1072 3833 Domino
1088 3787 1276 3852 speramus.

323 3885 454 3950 Datum
472 3884 602 3950 Romae
619 3881 672 3965 7.⁰
689 3882 767 3950 idus
778 3880 863 3970 Julii
882 3895 979 3966 1553.

325 3999 522 4084 Imcriptio.
540 3998 680 4066 Creatio
697 3999 733 4064 in
749 3995 994 4086 prouincialem
1012 3995 1206 4064 Brassiliae.
