3567 5409
474 446 579 501 Eersr.
599 442 974 515 3750.-1nsnrrnnnnrs
994 443 1064 515 1553
1294 405 1349 517 479

155 610 258 666 conto
271 600 415 667 sarebbe
431 610 568 667 acetato
582 597 619 666 in
634 598 760 685 quella,
778 620 817 667 se
832 598 959 667 detto·
974 608 1090 684 tempo
1104 619 1289 685 perseuera
1303 599 1384 668 nelli

156 714 230 782 'suoi
243 714 350 783 buoni
367 714 538 799 desiderii;
556 734 612 782 ma
628 713 879 795 comunicandp
896 715 940 783 V.
963 716 1007 786 R.
1030 726 1152 799 questa
1172 735 1254 782 cosa
1274 735 1341 783 eon
1361 714 1385 781 il

162 830 268 899 Padre
284 830 530 914 commissario,
545 830 653 898 faccia
667 831 783 916 quello
798 831 863 899 che
876 828 972 898 Iddio
987 831 1009 895 l’
1022 829 1200 917 inspirare,
1215 832 1382 900 saccendo
1408 822 1412 828 ’

155 954 256 1013 conto
274 947 371 1033 perp,
389 968 427 1013 se
442 946 681 1029 lonccettino,
699 947 756 1016 del
777 966 845 1041 non
866 946 1043 1013 mandarlo
1058 968 1080 1013 a
1095 948 1217 1027 Roma,
1235 968 1293 1013 ma
1312 967 1386 1014 ser·

161 1057 295 1131 uirse'ne
310 1062 346 1129 di
359 1063 406 1133 le.

221 1180 325 1246 Altro
342 1200 412 1247 non
428 1179 555 1248 accede
569 1179 642 1249 dire
657 1178 692 1245 in
709 1188 866 1266 resposta
883 1178 918 1245 di
934 1178 1048 1264 quella
1058 1176 1094 1243 di
1111 1178 1157 1247 V.
1174 1179 1224 1257 R.

170 1348 173 1351 .
221 1292 320 1360 Tutn'
348 1293 472 1362 stiamo
498 1292 573 1361 sani
599 1304 635 1362 et
662 1292 696 1361 ci
722 1294 1006 1361 raccomandamo
1022 1293 1088 1360 alle
1103 1292 1249 1361 orationi
1264 1291 1279 1333 b
1297 1293 1388 1362 delle

159 1406 227 1475 RR.
247 1408 323 1477 VV.
343 1410 403 1479 Sia
414 1411 498 1498 Jeep
518 1408 591 1478 X.⁰
606 1409 642 1477 in
658 1408 779 1497 agiuto
796 1420 831 1479 et
848 1409 946 1476 fauor
961 1419 1080 1476 nostro
1095 1408 1273 1479 continuo.
1347 1451 1350 1456 <

221 1525 275 1592 De
292 1526 402 1593 Roma
419 1526 460 1593 16
475 1525 519 1593 de
535 1525 729 1596 Setternbre
757 1540 850 1611 1553.

219 1642 420 1729 Inscriptio.
440 1642 473 1710 A
486 1643 667 1729 Bonogna,
685 1642 715 1709 al
736 1640 846 1710 Padre
858 1642 928 1709 don
944 1640 1137 1709 Fr‘ancoeoo
1149 1641 1291 1708 Palmio.

720 1830 822 1913 375⁰

308 1970 469 2039 PATRI
496 1972 708 2061 JACOBO
741 1972 927 2039 LAINIO
960 1972 1028 2039 EX
1059 1972 1226 2041 COMM.

543 2117 631 2163 noun
647 2108 680 2161 16
692 2116 889 2162 semum
905 2102 973 2174 1553
986 2104 1007 2166 ¹.

156 2208 290 2283 Lainius
303 2230 324 2267 a
338 2212 541 2287 genuamibus
552 2213 850 2285 exspectatun-Res
860 2212 1048 2285 florentinae
1060 2212 1134 2267 bono
1146 2212 1281 2283 exemplo
1286 2211 1388 2287 fuere.

210 2301 440 2359 -Limrarum
452 2304 645 2359 transmissio
660 2300 784 2359 Θεηιιαε
797 2302 1105 2359 ardinnam—Am
1115 2302 1255 2357 Arimini
1265 2302 1304 2357 ab
1317 2301 1389 2359 oza-

210 2388 271 2447 nio:
286 2390 534 2471 ‘ariminensium
555 2390 589 2447 in
612 2390 790 2447 Societatem
811 2390 961 2446 studium.
973 2390 1070 2447 -Ren
1093 2388 1243 2447 corneae:
1258 2390 1390 2465 jacobus

210 2480 303 2535 Santi
315 2482 353 2537 do
362 2480 455 2536 Mara
467 2482 510 2537 ad
516 2480 618 2554 gallon
629 2478 833 2551 deserite-De
843 2478 928 2535 bulla
937 2484 997 2553 pro
1009 2478 1138 2535 labella
1153 2480 1291 2537 Reinonn.

225 2609 299 2675 Pax
324 2606 382 2675 X}

203 2770 208 2781 ·
226 2725 310 2793 Non
327 2744 367 2790 so
379 2744 417 2791 se
433 2725 466 2790 la
483 2733 643 2809 presente
662 2724 825 2790 truouere
840 2722 873 2789 la
889 2724 933 2793 R.
950 2723 993 2790 V.
1011 2722 1046 2789 in
1058 2721 1215 2805 Firenza,
1229 2722 1355 2810 perche¹
1366 2723 1390 2789 li

155 2837 320 2923 quindeci
340 2838 465 2925 giomi,
484 2840 549 2907 che
563 2840 700 2907 haueua
716 2860 736 2905 a
753 2837 907 2906 fermarsi
924 2860 944 2905 a
960 2836 1125 2907 instansia
1141 2838 1230 2907 della
1250 2838 1390 2926 signora

154 2954 315 3023 ·duchesa
332 2952 357 3037 ²,
375 2955 558 3042 puorriano
574 2976 668 3023 esser
682 2953 821 3042 passati.

172 3042 180 3065 ¹
225 3073 280 3140 De
297 3072 445 3140 Genoua
461 3070 643 3139 habbiamo
659 3070 694 3137 di
709 3091 826 3137 nuouo
838 3070 972 3152 lettere,
987 3092 1048 3157 per
1059 3071 1092 3139 le
1104 3071 1205 3157 quale
1217 3080 1392 3138 mostrano

161 3192 311 3273 aspettar
328 3185 417 3253 assai
433 3187 464 3254 la
481 3196 611 3253 uenuta
625 3184 669 3255 de
685 3188 730 3253 V.
745 3188 787 3253 R.
803 3188 828 3253 ³.
847 3186 894 3255 Se
906 3184 934 3252 si
946 3188 967 3253 ὁ
979 3185 1098 3253 scritto
1110 3186 1185 3253 sar&
1203 3207 1263 3273 per
1275 3196 1391 3272 tempo
1407 3172 1413 3179 ’

162 3300 227 3368 ben
250 3301 427 3369 limitatto.
451 3302 519 3369 Dio
540 3303 584 3369 N.
608 3302 645 3371 S.
675 3322 762 3369 caue
782 3302 929 3387 qualche
954 3303 1049 3369 buon
1078 3302 1185 3369 frutto
1206 3302 1241 3368 di
1268 3310 1391 3388 questo

158 3393 290 3504 piagio'.

228 3533 380 3601 Cirea‘le
396 3553 478 3601 cose
494 3533 536 3600 de
552 3532 694 3599 Firenza
711 3532 742 3599 ci
759 3534 805 3600 ha
821 3533 917 3599 datto
932 3532 1038 3600 molta
1058 3531 1274 3601 edificatione
1290 3531 1314 3598 il
1329 3532 1392 3603 de·

164 3646 271 3733 ginno
287 3651 354 3717 che
370 3670 390 3715 a
406 3657 540 3717 costato
556 3646 646 3739 al[la]
661 3647 801 3736 signora
816 3648 968 3716 duchesa
989 3646 1014 3713 il
1035 3648 1250 3729 canonicato,
1268 3659 1303 3715 et
1323 3643 1392 3716 non

164 3762 345 3831 §simonia
361 3764 434 3832 cos}
456 3785 638 3867 prqeurare
661 3763 685 3829 li
712 3762 883 3833 beneficii.
908 3766 1150 3851 Aspettaremo
1169 3764 1350 3833 intendere
1368 3758 1391 3830 l’

157 3874 289 3948 Terretto
306 3881 361 3949 del
378 3878 524 3967 digiuno
545 3881 571 3950 ⁴.

229 3997 405 4063 Andando
421 4018 441 4063 a
456 3996 604 4065 Genoua
619 3997 651 4063 la
667 3998 709 4069 R,
728 3997 773 4062 V.
788 3994 819 4062 ci
833 3994 917 4062 faria
929 3995 1044 4062 bunna
1051 3995 1260 4062 commoditn
1273 3995 1307 4061 in
1320 3995 1393 4063 dis-

166 4130 291 4195 ponere
314 4112 461 4198 qualche
484 4110 595 4178 amieo
617 4092 712 4179 accib
733 4132 798 4178 con
820 4114 957 4179 securta
980 4110 1004 4177 li
1024 4110 1253 4179 mandassimo
1273 4112 1395 4180 lettere

167 4250 377 4265 *ιι-ιι

219 4332 233 4360 ·
271 4316 301 4374 in
315 4318 416 4391 quello
428 4316 456 4373 ci
469 4316 553 4373 detto
565 4334 622 4375 mr.
659 4320 710 4361 —b
729 4284 861 4373 oratinne
874 4333 931 4377 ms.

159 4522 165 4554 t
221 4502 228 4537 ¹
268 4504 428 4562 Excodiee
442 4504 561 4579 Rogant.
576 4506 602 4570 J,
616 4503 668 4563 fol.
687 4516 736 4573 27.
986 4508 998 4539 ²
1035 4505 1177 4562 Eleonora
1191 4505 1228 4561 de
1240 4506 1356 4567 Toleto.

219 4594 230 4626 ¹
267 4593 454 4667 Cf.'epistola
467 4592 547 4663 3747.
1347 4600 1359 4626 s

218 4690 231 4719 ⁴
269 4682 452 4755 Potamos,
469 4682 593 4747 chron„
606 4680 659 4753 ΙΙΙ,
673 4682 709 4748 ⁶0
722 4690 752 4739 et
765 4692 811 4749 7c.
