3567 5409
299 391 377 446 0666
641 407 646 414 ·
680 394 911 472 moruncurt
929 395 1107 470 lossrrsns
1133 462 1136 467 Α
1164 456 1180 470 ἡ

357 546 409 610 De
427 545 535 618 Roma
551 544 622 611 odi
640 545 849 615 Nouiembre
870 564 968 632 1553.
1067 628 1071 632 Α
1160 577 1164 586 ·

300 693 302 701 <
358 661 553 744 Inscriptio.
573 663 713 747 Ognate
729 663 761 728 al
777 664 822 730 D.
840 664 865 744 ¹.
979 738 983 744 ,

854 864 946 946 sest

571 1005 711 1072 PATffl
737 1005 893 1108 sorno
918 1007 981 1073 ns
1005 979 1254 1074 TABLARES

693 1151 781 1194 noni
795 1137 1009 1204 onoveunnrs
1025 1136 1094 1206 1553
1108 1139 1136 1191 ¹.-

289 1255 425 1326 Acceptis
441 1255 554 1310 litteris
571 1255 824 1327 respondet-De
838 1256 903 1309 suis
920 1254 1309 1311 atteritur-Ronanus
1320 1261 1350 1311 et
1369 1255 1524 1312 Corncrroe

342 1343 455 1398 Romae
466 1345 772 1415 exspectantur-De
780 1344 868 1399 sociis
878 1345 912 1398 in
923 1344 1049 1399 Italiam
1059 1346 1385 1400 transmonte—De
1394 1345 1525 1402 subsidio

340 1439 399 1504 pro
412 1432 540 1505 collegio
553 1449 692 1491 romano.

358 1559 572 1626 Charissimo
587 1580 631 1627 en
647 1557 787 1626 Christo
805 1561 917 1627 Padre
933 1565 1013 1626 mic.

360 1676 431 1741 Pax
448 1673 591 1741 Christi.

358 1792 429 1857 Por
446 1791 496 1857 las
513 1789 675 1877 nltima[s]
694 1791 737 1857 de
753 1794 797 1858 V.
822 1793 864 1860 R.
890 1792 1109 1862 entendimos
1129 1794 1163 1860 la
1182 1792 1325 1860 historia
1340 1793 1385 1860 de
1405 1793 1523 1861 Cuen·

291 1927 373 1991 qua,
391 1927 413 1992 y
428 1927 555 1994 pareze
570 1908 628 1974 fue
645 1929 725 1974 cosa
741 1909 879 1995 guyada
895 1909 939 1976 de
955 1908 1040 1976 Dios
1052 1911 1097 1976 N.
1115 1909 1149 1978 S.
1174 1911 1207 1976 Α
1224 1911 1257 1976 el
1272 1911 1374 1997 plega
1389 1911 1453 1976 dar
1466 1931 1526 1977 su-

294 2042 393 2088 cesso
409 2043 431 2108 y
447 2023 704 2108 perseuerantia
716 2024 742 2104 ³,
761 2033 830 2091 etc.

358 2137 481 2204 Delos
498 2138 649 2224 trauajos
665 2159 733 2222 que
748 2139 792 2206 V.
811 2140 852 2207 R.
873 2150 968 2206 toma
984 2163 1028 2208 en
1045 2140 1097 2208 los
1113 2140 1271 2220 caminos
1288 2139 1416 2220 uarios,
1439 2161 1526 2226 pnes

291 2254 325 2320 la
342 2253 506 2319 charidad
522 2254 554 2320 le
570 2255 654 2322 haze
671 2265 730 2320 tan
742 2266 756 2294 ²
771 2257 954 2338 mancebo,
974 2278 1019 2322 no
1035 2278 1072 2324 es
1089 2260 1216 2324 mucho
1232 2278 1300 2341 que
1321 2277 1360 2324 se
1381 2258 1413 2323 le
1433 2267 1525 2324 atre·

292 2389 373 2435 uan:
394 2369 535 2436 todaula
551 2370 595 2436 V.
614 2371 658 2440 R.
676 2362 921 2459 deuehiuisar
935 2373 978 2438 de
993 2393 1034 2438 su
1048 2371 1291 2458 indisposicion
1306 2369 1321 2411 ¹²
1337 2372 1477 2456 quando
1489 2373 1528 2438 la

291 2482 413 2552 siente.
965 2473 968 2478 ’

358 2601 399 2666 ΕΙ
416 2601 457 2667 Ρ.
477 2604 579 2670 Mtro.
595 2601 715 2670 Simon
728 2623 793 2669 con
809 2604 842 2670 el
859 2606 898 2671 P.
915 2605 1068 2671 Carnem
1080 2603 1234 2691 llegaron
1247 2609 1267 2670 έι
1281 2603 1431 2670 Genoua
1445 2603 1529 2688 yde

291 2715 347 2780 alll
364 2721 384 2782 ά
399 2717 585 2798 Florentia,
603 2718 715 2786 donde
732 2721 886 2787 enfermo
903 2722 1004 2787 Mtre.
1028 2719 1160 2800 Simon3
1174 2741 1257 2804 pero
1269 2741 1313 2804 ya
1329 2730 1384 2785 sta
1396 2720 1528 2800 bueno,

291 2853 314 2915 y
330 2843 404 2899 esta
420 2853 582 2900 semanna
599 2835 630 2900 le
646 2855 820 2920 speramos
836 2855 878 2902 en
897 2837 1019 2902 Roma.

344 3052 358 3079 ³
395 3044 454 3092 tem
469 3054 524 3096 ms.
563 3041 615 3082 -b
635 3055 686 3094 sus
699 3037 873 3111 dispotition
886 3058 942 3098 ms.

346 3225 357 3257 ¹
395 3225 463 3280 Non
481 3225 589 3282 dicitur
606 3227 724 3284 cuinam
743 3245 780 3283 ex
796 3228 886 3303 sociis
904 3231 978 3285 haec
996 3229 1123 3303 epistola
1139 3229 1280 3301 inscripta
1297 3227 1350 3298 sit,
1366 3244 1436 3283 cum
1448 3227 1530 3283 litte·

292 3329 323 3367 ra
336 3313 364 3367 D
378 3313 426 3369 hic
439 3314 574 3388 apposita
586 3317 730 3372 nonsatis
744 3323 897 3391 personam
911 3316 1054 3390 declaret,
1072 3326 1104 3374 et
1121 3326 1181 3374 tam
1197 3316 1350 3373 doctorem
1367 3334 1456 3389 quam
1472 3316 1529 3372 ‹lu-

292 3417 358 3456 eem
372 3401 540 3474 significare
553 3405 657 3477 possit,
672 3407 803 3480 nullique
816 3423 854 3462 ex
867 3407 956 3463 socils
970 3406 1082 3478 Ognati
1095 3416 1167 3463 tunc
1179 3405 1368 3464 versantibus
1385 3407 1531 3461 conveni·

292 3507 325 3544 re
343 3490 494 3548 videatur.
511 3491 582 3549 Ideo
599 3511 664 3549 eam
682 3495 850 3568 praeposito
866 3494 1050 3568 provinciali,
1070 3495 1185 3552 doctori
1201 3494 1338 3563 Arsozio,
1357 3494 1468 3567 placuit
1485 3494 1529 3550 in·

292 3578 434 3636 scribere:
443 3581 491 3637 hic
502 3580 581 3638 enim
590 3600 661 3654 prce
670 3585 796 3640 caeteris
806 3585 971 3640 Lazcenum
982 3594 1098 3658 poteret
1106 3571 1225 3658 optimis
1234 3584 1365 3646 consiliis
1375 3583 1530 3657 adjuvere,

292 3668 365 3742 quin
378 3677 477 3726 tamen
491 3670 521 3726 in
534 3669 714 3728 Societatem
725 3673 807 3730 illum
817 3673 997 3746 admitteret,
1010 3691 1098 3748 quem
1107 3675 1220 3730 Romae
1230 3673 1362 3746 lgnatius
1371 3673 1527 3729 boticem

294 3775 367 3831 pace
381 3758 543 3819 dimiserat.

269 3937 273 3942 -
349 3915 356 3946 ¹
396 3913 440 3966 Ex
454 3912 557 3969 codice
570 3914 689 3988 Regest.
705 3917 730 3982 I,
745 3915 795 3972 fol.
811 3915 871 3975 801.
1324 3976 1328 3981 ,
1470 3979 1480 3984 -

347 3998 359 4030 ⁸
396 4000 491 4056 Patris
504 4003 647 4060 Tablares
660 4003 784 4073 litteras,
800 4021 876 4077 quoe
895 4005 944 4061 hic
955 4005 1152 4077 attinguntur,
1168 4022 1226 4061 non
1244 4003 1385 4074 vidimus,
1404 4003 1529 4077 ideoque

294 4089 439 4144 affirmare
451 4101 534 4146 certo
547 4089 585 4147 ad
594 4091 665 4165 quid
678 4093 752 4149 haec
765 4095 856 4150 verba
866 4093 1033 4150 referentur
1045 4111 1104 4150 non
1116 4093 1270 4162 sudemus
1280 4091 1346 4149 fieri
1355 4101 1456 4148 tamen
1466 4100 1532 4166 pot·

295 4185 353 4248 est,
366 4178 504 4250 quonism
519 4181 740 4252 perseverantia
750 4181 780 4238 in
792 4184 868 4239 benc
878 4183 993 4255 coeptis
1006 4192 1135 4255 optatur,
1149 4190 1182 4239 ut
1194 4199 1291 4238 sermo
1305 4182 1345 4238 sit
1356 4181 1395 4237 de
1408 4181 1529 4238 doctore

295 4266 449 4340 Alphonso
461 4267 598 4326 Ramirez
609 4271 647 4326 dc
660 4271 802 4345 Vergsra,
815 4271 959 4329 canonico
972 4273 1143 4344 conchensi,
1156 4273 1207 4346 qui
1225 4272 1279 4327 rad
1291 4271 1326 4329 Ρ.
1339 4271 1530 4328 Francircom

295 4355 457 4430 [Borgicrn]
469 4361 563 4428 venit,
576 4360 627 4433 qui
641 4361 804 4433 spiritualia
816 4362 993 4420 exercitia...
1008 4362 1036 4418 ei
1049 4380 1102 4434 per
1114 4361 1221 4430 viginti
1233 4359 1298 4416 dies
1313 4359 1447 4423 tradidit.
1462 4375 1531 4416 cun

295 4443 404 4501 eximio
417 4447 551 4518 proiectu
564 4449 722 4522 spirituali
736 4458 769 4505 et
779 4452 950 4522 generalem
964 4450 1043 4506 vitae
1056 4449 1273 4513 confessionem
1287 4447 1370 4515 lecit,
1383 4459 1415 4504 et
1428 4449 1459 4504 in
1470 4449 1531 4505 elc-

293 4535 442 4591 ctionibus
455 4554 473 4591 a
486 4538 550 4592 Deo
564 4539 751 4610 peculiariter
765 4539 883 4611 adjutus
901 4550 957 4605 est,
977 4556 1033 4595 nec
1048 4540 1109 4594 ullo
1122 4538 1210 4594 modo
1223 4535 1372 4594 vocationi
1385 4537 1445 4594 Dei
1456 4536 1531 4594 recl·

294 4631 374 4679 stere
389 4627 535 4682 volebat».
552 4627 735 4700 PocsnctJS,
753 4627 876 4696 Chron„
897 4629 950 4700 111,
963 4627 1026 4698 348.
