3567 5409
482 478 536 546 614
864 479 1072 536 Monuusurn
1090 479 1269 536 leuntiam

514 631 651 700 Primae
668 631 788 700 classis
802 643 1001 718 praeceptor
1013 643 1066 699 est
1083 632 1245 720 magister
1257 635 1409 722 Joannes
1421 630 1592 718 Rogerius;
1606 649 1649 694 se·

445 748 581 814 eundae
605 747 771 834 magister
791 748 910 840 Guido
930 750 956 830 ⁸,
981 748 1121 816 Parisiis
1141 748 1300 834 promoti,
1322 762 1357 815 et
1378 750 1467 814 bene
1485 746 1654 825 exercitati

385 899 392 906 ·
447 863 569 932 tertiae
584 866 704 931 doctor
720 863 726 904 ¹
744 864 902 942 Turrius,
920 864 965 934 de
981 886 1049 950 quo
1065 863 1225 952 superius
1241 864 1395 962 memini,
1412 863 1473 950 qui
1488 861 1653 929 medicinae

445 981 578 1064 doctor,
596 991 631 1047 et
654 981 792 1066 quidem
809 980 968 1067 insignis,
988 981 1064 1061 fuit,
1082 992 1118 1047 et
1134 983 1179 1048 ad
1195 981 1370 1048 meliorem
1393 979 1586 1047 medicinam
1606 978 1652 1042 ad-

447 1096 643 1163 discendam
657 1109 692 1165 et
708 1099 934 1166 exercendam
951 1119 1028 1167 sese
1044 1110 1066 1138 ¹²
1082 1097 1245 1166 Societati
1261 1098 1368 1164 dedit.
1392 1095 1525 1182 Singuli
1544 1097 1651 1160 bonum

447 1213 575 1279 habent
592 1234 771 1282 numerum
792 1227 984 1280 nostrorum
1000 1213 1294 1293 scholasticorum,
1317 1224 1353 1282 et
1374 1235 1416 1278 ex
1439 1211 1575 1297 collegio
1589 1231 1653 1296 ger·

448 1328 595 1410 manico,
622 1339 757 1415 praeter
780 1351 852 1409 eoa,
878 1329 938 1416 qui
958 1342 1058 1398 extra
1077 1330 1225 1416 collegia
1244 1331 1289 1396 ad
1308 1350 1368 1396 eos
1388 1328 1569 1395 audiendos
1586 1337 1653 1392 sunt

447 1445 629 1512 accessuri.
651 1443 798 1512 Maxima
813 1446 917 1512 etiam
934 1445 1115 1513 habebitur
1131 1446 1221 1513 ratio
1236 1442 1490 1512 exercitationis
1504 1443 1536 1510 in
1551 1441 1652 1526 dispu-

449 1560 565 1640 tando,
584 1561 782 1647 praesertim
802 1563 896 1645 quod
912 1583 953 1630 ea
967 1583 1037 1628 non
1053 1562 1167 1628 minus
1182 1583 1284 1651 quam
1298 1562 1467 1627 bonorum
1479 1566 1653 1645 praecepto

448 1697 523 1740 rum
541 1675 679 1742 assidua
694 1676 797 1744 lectio
812 1677 856 1744 ad
870 1676 1107 1764 philosophiae
1121 1675 1311 1744 doctrinam
1330 1675 1518 1744 necessaria
1530 1693 1652 1740 censea-

433 1781 518 1860 'tur.
537 1791 700 1859 Triennio
717 1813 806 1876 quae
821 1795 864 1859 ad
885 1792 1090 1879 logicam·et
1111 1793 1300 1858 naturalem
1321 1813 1362 1858 ac
1383 1791 1538 1858 moralem
1557 1787 1651 1855 scien-

450 1905 531 1974 tiam
548 1907 733 1994 pertinent,
751 1918 786 1974 et
802 1907 905 1976 etiam
927 1930 1017 1993 quae
1038 1909 1081 1975 ad
1105 1919 1197 1975 artes
1217 1906 1480 1976 mathematicas
1499 1908 1653 1990 (quatenus

449 2045 508 2092 eas
524 2023 669 2110 intelligi
686 2023 847 2110 expedit),
866 2026 1123 2110 praelegantur.

516 2139 586 2226 Qui
604 2140 827 2225 promouendi
844 2153 937 2222 sunt,
956 2140 1070 2208 medio
1085 2163 1177 2210 anno
1194 2152 1369 2226 praeterea
1383 2139 1418 2205 in
1430 2133 1653 2206 examinatione

449 2267 484 2324 et
500 2256 780 2342 responsionibus
795 2268 973 2342 assumpto
988 2268 1015 2334 ¹¹,
1034 2257 1064 2323 si
1079 2258 1122 2323 ad
1138 2257 1333 2326 docendum
1351 2254 1422 2340 apti
1444 2253 1562 2322 luerint
1580 2247 1654 2314 serio

450 2371 594 2452 inuenti,
612 2373 656 2439 ad
670 2371 905 2462 magisterium
919 2374 1228 2460 promouebuntur,
1242 2394 1312 2438 non
1325 2371 1433 2439 aliter.
1449 2371 1487 2436 ln
1498 2363 1650 2436 humanio·
1740 2436 1741 2465 1

451 2487 545 2554 ribus
566 2487 673 2556 literis
693 2487 818 2555 eruditi
838 2488 942 2556 etiam
967 2500 1207 2576 praeceptores
1227 2486 1482 2554 constituentur
1504 2482 1529 2563 ⁰,
1554 2480 1651 2566 quiex

451 2603 643 2670 haebraicis
670 2614 705 2670 et
728 2604 862 2690 graecis
885 2605 1100 2686 authoribus,
1126 2617 1162 2672 et
1186 2603 1288 2674 etiam
1310 2625 1355 2670 ex
1377 2601 1504 2682 latinis,
1528 2595 1652 2684 optimos
1740 2596 1742 2611 ¹

449 2737 605 2802 quosque
621 2720 831 2804 praelegerit.
852 2721 895 2785 Et
912 2718 1062 2805 quidem,
1078 2731 1212 2805 praeter
1224 2721 1369 2786 classem
1381 2709 1652 2794 rhetoricasal'oe

450 2835 577 2901 multae
595 2846 676 2902 sunt
692 2834 871 2906 inferiores
887 2857 996 2922 vsque
1012 2837 1056 2904 ad
1076 2835 1184 2925 prima
1207 2833 1453 2924 grammatices
1473 2830 1650 2898 rudimenta

450 2950 493 3016 ad
509 2971 597 3036 quas
613 2952 740 3018 classes
753 2971 937 3037 puerorum
950 2963 985 3021 et
996 2952 1266 3022 adolescentium
1279 2951 1426 3018 maxima
1437 2946 1569 3016 confluit
1579 2938 1648 3008 mul·
1739 2940 1741 3006 ἰ

451 3065 573 3146 titudo,
591 3087 680 3151 quae
697 3089 767 3134 non
790 3078 923 3135 tantum
946 3067 982 3134 in
1001 3068 1101 3135 bonis
1120 3067 1240 3148 literiS,
1263 3069 1325 3136 sed
1344 3065 1447 3133 etiam
1470 3064 1504 3131 in
1522 3056 1650 3129 doctrina

449 3181 634 3250 christiana
649 3194 684 3251 et
701 3183 799 3250 bonis
816 3183 970 3252 moribus
986 3178 1171 3272 diligenter
1186 3183 1428 3251 instituuntur.

516 3299 614 3366 Haec
629 3299 673 3366 de
689 3299 836 3386 collegio
857 3311 977 3367 nostro
997 3298 1190 3379 dictasint,
1216 3299 1272 3366 vbi
1295 3300 1368 3367 fere
1390 3299 1435 3366 60
1455 3319 1498 3364 ex
1517 3289 1652 3362 fratribus

451 3413 576 3480 nostris
592 3414 809 3498 habitabunt;
828 3415 876 3482 ita
891 3427 906 3466 Ρ
922 3397 1083 3484 dedomo
1099 3425 1216 3483 nostra
1231 3436 1332 3481 nemo
1348 3415 1392 3481 ad
1414 3411 1585 3498 collegium
1603 3422 1650 3469 au·

449 3528 566 3598 diendi
580 3529 693 3616 gratia
709 3531 863 3614 accedet3
883 3553 953 3598 non
970 3531 1060 3600 enim
1074 3530 1291 3600 addiscendis
1306 3529 1427 3610 literis,
1441 3529 1502 3596 sed
1517 3538 1651 3594 exercen-

449 3643 502 3712 dis
518 3646 562 3711 ad
578 3645 768 3714 animarum
784 3649 930 3714 salutem
946 3659 961 3697 ‘¹
976 3649 1099 3714 domus
1114 3659 1252 3716 nostrae
1267 3656 1349 3713 sunt
1364 3644 1550 3713 institutae.

518 3761 569 3828 Ex
586 3761 748 3829 fratribus
764 3763 919 3830 Louanio
935 3774 970 3830 et
982 3763 1126 3831 Colonia
1138 3762 1262 3842 missis,
1277 3761 1476 3848 quicunque
1488 3755 1590 3826 idonei
1604 3747 1651 3817 visi
1737 3754 1739 3785 ἱ

452 3889 545 3960 sunt,
564 3877 606 3944 ad
622 3878 735 3945 studia
753 3879 946 3965 theologiae
961 3891 1044 3944 sunt
1059 3879 1232 3960 destinati;
1251 3892 1288 3945 vt
1308 3877 1475 3964 magister
1490 3864 1650 3942 Theodori·

453 4013 527 4074 cus,
546 3993 708 4079 magister
724 3996 904 4062 Gerardus
920 3995 1089 4076 Brassica,
1105 3998 1151 4062 M.
1166 3997 1194 4062 F
1197 3993 1372 4061 ranciscus
1385 3984 1620 4062 mechliniensis
1630 3984 1648 4056 ³.

454 4111 501 4176 M.
517 4109 662 4178 loannes
678 4111 722 4177 de
739 4109 840 4191 Tilia,
865 4115 911 4179 M.
932 4111 1056 4178 Petrus
1072 4109 1212 4179 Siluius.

455 4259 668 4270 ——-—.—-=

505 4335 513 4376 ¹
549 4334 580 4393 d.
595 4335 748 4390 Balthasar
762 4352 817 4392 ma.
855 4349 913 4378 ..m
931 4349 965 4388 se
978 4311 1040 4392 alt,
1075 4351 1124 4378 —11
1142 4341 1318 4405 consumpto
1335 4351 1392 4392 ms.
1430 4348 1481 4376 —0
1500 4327 1652 4387 constituun-
1735 4366 1736 4371 1

457 4431 505 4478 tur
521 4441 578 4478 ms.
616 4439 666 4478 -t
684 4440 751 4479 narn
775 4441 828 4482 ms.
869 4441 919 4478 -u
935 4423 1099 4479 animarum
1115 4422 1275 4479 utilitatem
1295 4440 1350 4478 ms.

509 4633 521 4668 ⁸
557 4631 656 4687 Guido
669 4632 816 4690 Roiletus.

508 4725 519 4756 ¹
557 4721 730 4776 Franciscus
744 4722 896 4778 Costerus.
