3567 5409
432 455 535 513 Eersr.
554 452 711 524 ³547·-²0
728 451 805 518 Man
823 461 918 506 erro
936 449 1019 521 Jurn
1040 443 1110 517 ¹55³
1299 444 1351 506 rso

431 727 589 800 PATRI
611 607 1113 800 sludddruooeulclo

503 875 593 920 noua
606 875 643 920 zo
655 873 917 931 murrinum
932 858 1001 932 155³
1016 863 1037 918 ¹.

214 981 326 1056 Magna
338 981 457 1036 ommia
468 979 746 1052 benevolentiaque
757 975 983 1052 significatione
995 979 1098 1050 rogat,
1107 979 1146 1040 et,
1157 973 1334 1047 interposito
1356 981 1359 986 '

411 1072 584 1141 prompto,
597 1067 783 1142 injungunt
796 1067 926 1124 Romam
935 1084 965 1122 se
977 1063 1128 1138 conserat.

228 1188 377 1255 Maestro
393 1185 512 1255 Simon
529 1186 737 1272 Rodriguez,
755 1186 878 1252 amado
892 1183 965 1269 hijo
980 1206 1024 1254 en
1041 1185 1073 1252 el
1089 1185 1201 1252 Senot
1220 1193 1380 1252 nuestro.

229 1302 349 1369 Ladas
367 1323 391 1387 y
411 1299 653 1370 consideradas
672 1301 723 1368 las
737 1310 895 1368 vueetras
915 1301 958 1366 de
979 1318 1019 1366 10
1034 1300 1077 1366 de
1093 1301 1121 1366 F
1122 1299 1255 1381 ebrero,
1279 1298 1324 1367 de
1344 1317 1388 1382 23

168 1439 189 1502 y
203 1419 245 1484 26
257 1418 299 1484 de
314 1419 445 1499 Marzo,
462 1439 485 1503 y
506 1436 544 1484 12
560 1417 605 1485 de
621 1415 721 1484 Abril
737 1418 763 1498 ⁸,
780 1439 804 1502 y
818 1426 913 1483 otras
928 1417 1071 1484 muchas
1086 1437 1154 1501 que
1170 1415 1212 1482 de
1229 1416 1288 1482 ahi
1303 1413 1391 1482 reci-

169 1535 210 1600 bo
224 1535 250 1613 ⁸,
267 1555 325 1620 por
341 1532 449 1602 sentir
463 1555 488 1620 y
503 1553 650 1601 conocer
669 1553 737 1618 que
758 1533 883 1600 mucho
899 1554 943 1601 en
963 1533 995 1600 el
1020 1533 1132 1602 Senot
1147 1541 1288 1599 nuestro
1304 1551 1389 1598 con·

171 1649 262 1717 viane
275 1671 358 1736 para
373 1669 492 1735 mayor
507 1647 651 1734 quietud
666 1671 689 1734 y
705 1646 925 1716 consolacion
941 1647 1115 1735 espiritual
1131 1648 1174 1716 de
1191 1647 1242 1714 los
1259 1667 1326 1732 que
1342 1667 1388 1714 en

170 1766 201 1832 la
214 1776 349 1833 nuestra
363 1764 554 1850 Campania
574 1785 780 1850 perseverari
801 1787 845 1833 en
869 1767 921 1831 los
944 1785 1068 1850 reynos
1091 1765 1134 1830 de
1159 1763 1340 1849 Portugal,
1364 1783 1387 1848 y

173 1879 310 1947 tambien
326 1900 410 1966 para
426 1889 533 1946 tratar
546 1879 591 1948 de
605 1890 699 1947 otras
713 1901 813 1947 cosas
829 1879 1051 1960 universales,
1070 1900 1137 1966 quc
1154 1891 1254 1945 tocan
1270 1884 1290 1945 a
1306 1877 1387 1946 toda

173 1997 201 2061 la
217 1995 415 2084 Compania,
437 2015 484 2062 no
502 2015 541 2062 se
556 1994 728 2082 pudiendo
750 2006 855 2063 tratar
876 2019 938 2084 por
958 2017 1077 2063 menos
1093 2017 1162 2080 que
1184 2015 1247 2080 por
1262 1995 1295 2060 la
1310 2015 1392 2080 pre·

171 2110 290 2193 sancia,
308 2132 363 2180 me
384 2114 431 2178 ha
451 2112 612 2199 parecido
631 2134 676 2181 en
696 2113 729 2180 el
750 2113 862 2182 Settor
881 2123 1024 2181 nuestro
1044 2112 1088 2180 de
1109 2131 1254 2198 poneros
1276 2131 1320 2178 en
1341 2131 1390 2178 un

172 2247 255 2311 poco
274 2227 316 2296 de
339 2228 471 2313 trabajo
495 2230 662 2315 corporal,
684 2227 848 2296 viniendo
870 2234 892 2295 a
915 2237 989 2297 esta
1010 2228 1054 2295 de
1071 2229 1192 2294 Roma.
1217 2227 1247 2293 Y
1265 2230 1327 2307 asi,
1346 2247 1390 2294 en

171 2340 280 2422 virtud
295 2344 339 2409 de
353 2353 453 2410 santa
468 2342 681 2426 obediencia,
699 2363 797 2410 como
812 2363 893 2410 cosa
909 2363 977 2428 que
992 2344 1118 2410 mucho
1130 2341 1287 2428 importa,
1302 2362 1341 2410 os
1357 2342 1391 2407 lo

173 2459 289 2524 mando
302 2479 366 2545 por
382 2470 477 2547 parte
493 2460 537 2526 de
552 2457 692 2526 Christo
707 2461 753 2527 N.
775 2461 829 2538 S.,
851 2479 914 2546 por
933 2480 1008 2525 mar
1028 2465 1049 2526 ὁ
1070 2480 1131 2545 por
1152 2459 1265 2538 tierra,
1291 2477 1391 2524 corno

173 2593 207 2638 os
230 2571 397 2658 pareciere
420 2579 494 2640 mas
516 2572 757 2643 conveniente.
779 2575 810 2641 Y
832 2585 907 2642 esto
923 2595 982 2642 sea
1001 2595 1067 2640 con
1084 2574 1115 2639 la
1131 2572 1303 2640 brevedad
1323 2591 1391 2658 que

173 2688 378 2772 pudiaredes,
395 2711 438 2755 en
456 2711 596 2757 manera
612 2709 680 2776 que
694 2693 783 2757 ocho
799 2691 873 2758 dias
888 2690 1036 2777 despuas
1051 2691 1096 2758 de
1107 2689 1195 2756 vista
1205 2690 1238 2756 la
1253 2709 1392 2774 presen-

174 2817 204 2869 te
217 2825 256 2871 os
268 2805 413 2892 pongais
427 2825 471 2871 en
487 2804 623 2871 camino
642 2829 666 2892 y
680 2804 885 2873 continueis.

236 2919 352 2986 Pidoa
370 2919 454 2987 Dios
469 2923 514 2988 N.
533 2921 571 2990 S.
589 2943 630 2988 os
645 2926 729 3010 gula
743 2945 766 3008 y
781 2931 981 3009 acompatle,
1004 2943 1027 3007 y
1050 2927 1070 2987 a
1092 2921 1191 2988 todos
1210 2922 1255 2987 de
1276 2917 1393 3007 gracia

174 3035 213 3102 dc
228 3055 370 3104 conocer
386 3035 533 3124 siempre
548 3058 572 3123 y
587 3039 689 3104 hacer
704 3058 746 3104 su
763 3037 939 3106 santlsima
954 3038 1137 3106 voluntad.

232 3152 283 3217 De
298 3153 407 3220 Roma
423 3169 467 3219 20
482 3153 526 3222 de
542 3155 645 3238 Mayo
660 3153 705 3221 de
725 3168 823 3238 1553.

676 3274 888 3290 ψ

221 3429 229 3461 ¹
264 3425 383 3481 Editum
396 3427 521 3483 tuithoc
534 3437 755 3484 monumentum
769 3445 786 3482 a
799 3428 832 3485 P.
847 3427 977 3496 Genelli,
995 3447 1024 3486 n.
1044 3430 1138 3496 XXX,
1159 3428 1235 3486 unde
1255 3427 1327 3484 illud
1344 3428 1393 3483 de-

174 3513 343 3586 scripserunt
353 3517 467 3588 Bourx,
477 3535 528 3574 nn.
538 3517 647 3572 CXXII
656 3526 688 3573 et
697 3517 845 3584 cxxvn;
859 3517 970 3574 Curtue
979 3519 1015 3575 cu
1027 3519 1057 3574 S.
1070 3519 1206 3591 [galacia
1217 3537 1247 3574 n.
1259 3517 1394 3576 CCCVll

175 3612 201 3656 et
211 3621 238 3658 n.
251 3603 410 3664 CCCXIX.
425 3605 488 3661 Noa
501 3621 573 3660 vero
586 3623 683 3679 neque
695 3605 726 3662 in
740 3607 885 3681 Regestie,
902 3624 997 3680 neque
1011 3606 1041 3663 in
1054 3610 1115 3663 ullo
1132 3607 1189 3663 alio
1205 3607 1320 3678 codice,
1340 3608 1395 3662 ori·

173 3691 274 3764 ginale,
297 3694 346 3748 vel
369 3693 487 3766 aliquod
508 3697 614 3750 saltem
633 3695 785 3768 antiquum
805 3698 973 3768 exemplum
993 3695 1127 3752 invenire
1147 3696 1301 3752 valuimus.
1323 3696 1395 3752 Poet

175 3778 348 3852 hispanicum
361 3785 540 3855 exemplum,
556 3783 715 3839 lusitanum
728 3785 818 3842 etiam
831 3785 901 3839 dare
915 3785 1034 3856 placuit,
1054 3785 1131 3858 quod
1144 3785 1223 3858 typis
1241 3787 1395 3856 vulgatum
1425 3831 1428 3838 .

174 3865 221 3925 tuit
233 3871 262 3926 in
275 3887 367 3943 opere
379 3869 518 3945 lmogem
530 3873 572 3927 do
586 3871 706 3928 uirtude
719 3890 766 3928 em
784 3890 801 3929 o
819 3873 988 3930 Noviciado
1005 3875 1046 3928 du
1065 3874 1256 3945 Compunlrio
1275 3875 1311 3931 de
1320 3873 1396 3948 Jeeu

173 3973 208 4012 ao
223 3965 304 4015 corte
320 3961 357 4015 de
376 3960 483 4015 Lioboo
500 3963 633 4030 (auctore
650 3962 684 4016 P.
704 3963 837 4033 Franco),
853 3963 905 4017 lib.
925 3963 948 4032 1,
962 3980 1027 4035 cap.
1049 3961 1093 4033 23,
1107 3981 1158 4020 nn.
1180 3975 1212 4034 19
1230 3972 1260 4018 et
1273 3977 1319 4018 20.
1338 3961 1397 4017 Cui

173 4051 301 4122 exemplo
323 4049 610 4106 animadversionem
627 4049 774 4119 addimus,
791 4067 878 4123 quam
897 4054 1033 4124 sequenti
1051 4069 1174 4108 numero
1191 4069 1244 4108 neu
1262 4068 1397 4124 paragra-

173 4137 233 4209 pho,
245 4139 311 4195 ecil.
326 4152 372 4208 21,
386 4137 542 4211 subjunxit
555 4139 642 4194 Pater
655 4139 777 4212 Franco,
793 4157 860 4196 nam
878 4139 909 4196 in
923 4157 957 4196 ea
970 4139 1128 4196 diversitas
1146 4151 1321 4213 temporum,
1334 4141 1396 4213 qui·

174 4225 220 4280 bue
233 4227 344 4300 scripta
356 4225 414 4282 tuit
431 4227 567 4300 epistola,
579 4227 754 4300 explicatur.

215 4321 227 4351 ⁸
263 4317 383 4372 Nullam
397 4334 435 4372 ex
448 4317 486 4372 ii·
498 4317 633 4390 epistolis
646 4317 731 4374 licuit
743 4318 830 4374 nobis
843 4319 996 4390 hucusque
1014 4317 1153 4388 reperire:
1168 4317 1255 4374 una'm
1270 4325 1398 4386 tantum,

172 4421 223 4462 non
234 4406 355 4479 quidem
371 4405 409 4462 ad
427 4407 587 4478 Ignatiurn,
599 4407 654 4462 ned
666 4407 703 4462 ad
717 4409 870 4477 lunonem,
884 4421 920 4476 25
934 4407 1031 4462 Martii
1052 4405 1121 4476 1553
1132 4406 1242 4480 datam,
1257 4407 1397 4478 vidimus,

172 4511 222 4566 qua
230 4513 263 4551 ae
275 4497 450 4554 Rodericiue
459 4498 681 4554 inobedientiae
691 4506 760 4553 nota
772 4513 897 4570 purgare
907 4496 1026 4568 sategit.
1038 4497 1193 4568 Epistulae
1204 4498 1295 4556 ΡΡ...
1306 4497 1397 4554 Brou-

175 4583 226 4642 a...
234 4585 339 4660 Jaji...
353 4591 415 4647 et...
430 4587 597 4657 Roderieii,
607 4603 675 4661 pag.
690 4587 754 4658 641.

219 4675 231 4708 ⁸
265 4675 313 4731 Οἱ.
329 4675 426 4749 Epist.
441 4677 566 4746 Mixto«,
582 4676 634 4749 111,
648 4675 694 4748 31,
708 4693 756 4746 40,
772 4674 834 4746 139,
850 4687 910 4747 155,
926 4689 990 4747 205,
1005 4685 1064 4732 etc.
