3567 5409
469 454 575 513 EPJST.
594 453 750 525 3751.-16
768 453 969 509 Summanus
977 427 1060 523 '1553
1289 451 1339 522 481

147 606 266 692 gentia
281 628 342 693 per
356 610 465 677 hauet
480 608 595 694 quella
609 608 652 676 de
668 608 776 677 Santo
791 606 921 693 Spirito
937 610 961 687 ¹,
980 618 1017 673 et
1028 607 1076 673 mi
1087 626 1169 693 pare
1180 608 1246 675 che
1257 606 1379 673 adesso

151 742 217 788 non
232 722 282 809 gli
300 723 463 810 uogliono
479 725 554 807 dar,
577 734 613 793 et
634 722 706 791 cosi
729 722 775 789 mi
802 743 888 790 sono
910 723 1053 803 uoltato,
1074 744 1145 790 non
1165 722 1212 788 mi
1232 720 1379 790 dicendo

147 838 211 906 che
226 860 308 906 cosa
323 838 369 907 lei
385 838 503 926 uoglia
519 838 775 927 specialmente,
794 860 814 905 a
829 838 1016 935 demandat
1037 858 1106 905 una
1120 839 1165 905 de
1181 848 1281 905 santo
1302 835 1379 905 Pie·

149 962 210 1033 tro,
228 954 263 1021 la
279 956 379 1039 quale
395 956 545 1025 consede
562 956 666 1022 moltc
682 974 775 1035 cose,
794 976 895 1023 come
909 954 928 1021 ὲ
944 953 988 1021 de
1003 954 1109 1021 altare
1124 952 1296 1039 portatile,
1315 952 1379 1021 eli·

149 1090 247 1155 gerse
271 1070 478 1151 confessore,
503 1070 682 1158 mangiare
703 1092 784 1151 oua,
802 1080 837 1139 ct
853 1071 939 1137 altre
954 1045 1035 1139 cose
1050 1068 1151 1137 simili
1167 1068 1187 1151 ‘3
1206 1082 1242 1136 et
1257 1080 1379 1156 questo

149 1204 206 1269 per
220 1184 395 1252 ordinario
410 1186 613 1255 costarebbe
631 1197 682 1255 tre
698 1208 720 1253 ο
736 1198 859 1271 quatro
875 1184 986 1273 giulii.
1006 1188 1063 1254 Ma
1086 1208 1124 1253 se
1143 1185 1187 1253 V.
1211 1187 1253 1253 R.
1276 1188 1379 1256 uuole

147 1302 209 1369 che
229 1300 327 1367 siano
348 1301 487 1388 pinture
508 1312 542 1370 et
570 1302 691 1370 lettere
719 1300 921 1393 illuminate,
939 1312 1022 1382 etc,
1043 1301 1164 1368 'saccio
1184 1312 1288 1368 conto
1314 1302 1379 1369 che

148 1417 279 1483 costeri
297 1438 344 1483 un
361 1438 444 1504 paro
460 1418 505 1484 de
520 1416 618 1485 'scudi
635 1438 656 1484 0
673 1417 742 1503 pin.
762 1418 847 1486 loia
866 1418 1031 1487 manderb
1047 1419 1128 1505 qual
1143 1420 1248 1486 uo'rri
1264 1420 1309 1487 V.
1334 1418 1377 1489 R.

211 1528 292 1599 Non
308 1532 409 1613 altro,
427 1553 465 1600 se
482 1554 551 1600 non
568 1533 634 1600 che
651 1532 731 1599 tutti
747 1544 858 1600 stamo
879 1532 967 1613 sani,
985 1542 1020 1603 et
1040 1532 1074 1600 ci
1095 1535 1380 1602 raccomandamo

147 1646 198 1713 all'
213 1648 371 1715 oratione
386 1649 430 1717 de
445 1649 490 1716 V.
509 1648 552 1719 R.
565 1661 601 1715 et
617 1671 637 1716 a
654 1648 735 1715 tutti
752 1648 858 1716 nostri
875 1649 1042 1717 carissimi
1059 1650 1195 1719 fratelli.

211 1766 267 1831 De
283 1766 394 1831 Roma
413 1765 454 1833 16
469 1765 513 1831 de
527 1765 723 1833 Settembre
744 1780 841 1849 1553.

213 1881 414 1967 Inscriptio.
434 1880 466 1947 A
482 1882 509 1947 F
511 1880 639 1961 irenza,
658 1882 690 1949 al
707 1882 748 1951 P.
768 1884 868 1951 Mtro.
886 1884 1037 1967 Laynez.

719 2054 811 2135 3751

383 2194 524 2261 PATRI
548 2194 805 2263 EVERARDO
830 2196 1143 2270 MERCURIANO

529 2330 619 2377 noui
634 2318 667 2374 16
679 2330 875 2375 antimius
890 2317 961 2388 1553
974 2320 994 2373 ¹.

150 2432 269 2489 Gaudet
281 2434 318 2488 de
331 2434 444 2505 optimo
457 2434 532 2501 loco,
544 2434 633 2491 sociis
645 2440 674 2491 ot
689 2434 796 2491 scholis
812 2436 982 2509 designato.
993 2434 1169 2507 -Inspia‘at
1184 2453 1228 2491 an
1243 2441 1379 2509 oporteat

195 2523 383 2579 conditiones
395 2526 543 2594 quasdam
555 2526 611 2580 hac
623 2526 659 2581 de
673 2542 707 2581 re
720 2524 753 2581 in
763 2525 900 2598 publicas
910 2525 1031 2581 tabulas
1040 2526 1251 2599 referri-Ue
1261 2527 1379 2582 mitten·
1454 2600 1458 2606 1

196 2614 236 2669 do
250 2612 412 2667 Perusiam
426 2611 504 2669 italo
515 2612 820 2670 condonatam-Da
833 2616 984 2688 magistro
989 2614 1113 2687 joanne
1124 2617 1166 2671 ad
1177 2614 1377 2672 sacerdotium

194 2704 401 2775 provehendo.

211 2808 286 2877 Pax
303 2809 362 2878 X.¹

213 2927 252 2993 L'
271 2926 393 2992 ultime
408 2926 452 2993 de
469 2928 515 2995 V.
533 2928 575 2994 R.
594 2948 682 2994 sono
697 2928 740 2995 de
757 2947 776 3012 3
793 2938 828 2993 et
848 2946 888 2995 10
903 2929 947 2995 de
959 2929 1166 3008 Settembre,
1180 2938 1215 2995 et
1227 2928 1259 2994 ci
1271 2928 1378 2994 siamo

147 3041 320 3127 rallegrati
337 3042 392 3108 nel
409 3025 671 3129 Signor'nostro
688 3044 743 3111 del
760 3044 828 3109 bon
845 3046 1083 3123 succes0,.che
1095 3065 1159 3110 sua
1171 3042 1287 3111 diuina
1300 3064 1377 3129 pro-

151 3154 300 3224 uidentia
317 3160 362 3223 ha
378 3158 475 3225 datto
496 3170 625 3244 quanto
649 3160 681 3225 31
705 3160 817 3240 locho,
844 3180 943 3227 come
962 3159 1187 3242 intendiam0,
1210 3158 1378 3228 attissimo

150 3292 207 3357 per
228 3273 251 3340 1’
275 3272 437 3343 essertitii
458 3275 513 3343 del
534 3287 652 3343 nostro
669 3274 826 3343 instituto
842 3275 864 3343 ¹.
884 3274 952 3343 Dio
967 3276 1018 3350 N.
1030 3276 1072 3343 S.
1091 3274 1142 3343 sia
1162 3251 1375 3361 ringiatiato.

212 3390 277 3455 Del
300 3389 530 3457 riconoscerlo
550 3391 639 3458 della
656 3390 901 3459 confraternita
922 3414 943 3457 ο
959 3413 1041 3471 non,
1060 3412 1142 3478 pare
1158 3390 1377 3457 dificilmente

148 3500 182 3567 di
195 3524 264 3588 qua
280 3505 309 3571 si
326 3508 395 3590 pub
411 3505 589 3592 giudicare
606 3507 721 3594 quello
736 3509 802 3575 che
821 3507 1004 3576 conuiene.
1030 3509 1067 3573 ln
1089 3508 1231 3593 general
1251 3528 1289 3575 se
1310 3506 1378 3592 pub

149 3616 219 3685 dire
235 3622 299 3688 che
315 3622 359 3688 de
375 3622 490 3691 buone
507 3622 623 3709 parole
647 3634 681 3691 et
704 3622 890 3691 amoreuoli
912 3622 940 3689 si
961 3622 1030 3710 pui)
1047 3623 1259 3689 riconoscere
1282 3632 1379 3708 tropo

147 3733 235 3801 dalla
251 3736 496 3805 confraternita
512 3749 538 3819 ⁸,
557 3738 715 3807 massime
731 3740 890 3807 hauendo
907 3737 952 3807 lei
967 3740 1053 3806 fatto
1072 3737 1252 3805 uolontieri
1263 3738 1377 3824 quello
1421 3720 1425 3727 ’

152 3858 346 3872 ᾐ--ι

150 3914 153 3921 ’
200 3906 210 3947 t
244 3907 340 3962 simile
354 3924 412 3963 ms.

199 4054 213 4081 ⁸
248 4040 461 4096 confarternita
474 4058 530 4097 ms.

157 4143 337 4155 *—

201 4196 210 4225 ⁷
248 4192 295 4249 ct.
315 4192 524 4249 Montium
539 4178 729 4261 lcuiiiiiii,
744 4192 844 4249 Series
858 4200 973 4265 quarta,
988 4194 1012 4265 1,
1027 4206 1092 4263 554.

203 4330 211 4359 ¹
247 4327 290 4381 Ex
303 4324 406 4383 codice
420 4326 539 4401 Rogat.
554 4328 580 4391 1,
596 4326 649 4383 fol.
669 4340 734 4397 27v.

201 4418 211 4449 ¹
247 4416 293 4470 De
306 4431 385 4471 novo
398 4416 473 4487 loco,
488 4416 598 4472 scholis
612 4426 838 4490 nostrorumque
851 4415 1028 4473 habitationi
1040 4416 1201 4484 destinato,
1216 4418 1278 4489 agit
1291 4420 1380 4489 piuti-

153 4502 204 4559 bus
220 4506 403 4579 ΡοιΑΝουε,
424 4506 549 4572 Chrbn„
568 4508 621 4573 111,
638 4521 739 4578 52·55‚
758 4508 809 4581 qui
826 4508 974 4580 perusinis
991 4507 1087 4564 Patris
1105 4506 1205 4566 Olavii
1222 4507 1329 4563 litteris
1342 4508 1379 4563 ad

152 4590 292 4663 Ignatium
312 4594 416 4656 utitur.
439 4596 537 4669 Epist.
558 4598 684 4667 Mixtae,
705 4598 755 4665 111,
773 4597 912 4668 444-448.
932 4597 1007 4653 vide
1024 4600 1133 4669 locum,
1151 4595 1203 4672 qui
1215 4598 1311 4653 lucem
1327 4600 1380 4653 toti

153 4680 216 4738 huic
227 4686 369 4756 epistolae
381 4684 479 4742 affert.

280 4780 383 4827 Monuni.
395 4780 608 4831 loun-Emi..
623 4794 684 4829 τοιι.
698 4783 732 4827 v.
1217 4784 1243 4827 ³¹
