3567 5409
441 490 495 545 49⁰
822 474 1029 531 Mouuuum
1049 474 1225 531 luuunuuu

408 626 503 695 mine
519 626 598 694 bien
615 629 647 695 la
662 646 758 710 cosa,
775 650 798 714 y
814 648 882 715 que
897 648 945 695 no
960 627 1083 695 saltari
1098 650 1180 715 para
1200 640 1294 695 estus
1308 648 1413 715 pocos
1435 626 1512 693 dias
1532 640 1632 693 mate·

405 741 457 809 ria
472 742 517 810 de
531 742 641 811 seruit
655 748 676 810 a
691 740 777 810 Dios
792 744 837 811 N.
855 743 892 812 S.
909 729 950 811 ΕΙ
965 742 1009 811 de
1025 742 1194 829 fuereasy
1209 764 1247 811 se
1262 741 1356 811 sirua
1370 744 1415 811 de
1430 764 1493 811 sus
1507 742 1633 811 debiles

408 856 666 929 instrumentos.
685 860 810 926 Amen.

473 976 541 1043 Las
556 976 659 1043 letras
676 996 757 1061 para
773 974 889 1042 Tibuli
904 998 944 1044 se
957 974 1145 1043 imbiaron2·
1157 974 1237 1043 bien
1254 975 1305 1041 ias
1320 976 1427 1042 abruu
1449 982 1632 1054 meneeten

403 1106 428 1175 y
444 1089 530 1159 Dios
545 1114 568 1177 y
584 1091 697 1177 ayuda
714 1110 780 1159 con
796 1092 848 1158 los
865 1088 1063 1159 tiburtinos,

472 1210 565 1292 Aqui
582 1186 664 1273 vino
678 1227 724 1293 oy
739 1210 840 1293 aquei
855 1209 1023 1277 maneebo
1037 1206 1082 1277 de
1097 1207 1259 1276 cardenal
1274 1207 1318 1275 de
1333 1206 1485 1293 Nupoloe
1502 1206 1529 1287 ¹,
1542 1204 1632 1293 yde·

405 1322 530 1389 mande
546 1342 607 1409 por
624 1324 662 1390 V.
682 1324 739 1404 R.‚
756 1346 781 1409 y
795 1323 824 1391 si
839 1324 872 1391 le
882 1322 1113 1391 imbiadamos
1127 1344 1196 1390 vna
1211 1324 1307 1393 letra.
1327 1324 1435 1391 Fuele
1450 1322 1556 1390 dicho
1569 1342 1633 1407 que

405 1441 436 1502 si
441 1458 449 1517 ;
469 1458 536 1524 que
551 1438 585 1505 la
601 1438 743 1508 imbiase
758 1460 815 1525 oy,
831 1460 855 1526 y
871 1460 918 1506 no
932 1460 988 1507 me
1003 1460 1125 1526 parece
1139 1461 1208 1525 que
1223 1439 1256 1507 la
1271 1440 1316 1506 ha
1332 1438 1497 1506 imbiado.

473 1553 548 1621 Aci
563 1564 712 1621 estamos
727 1556 874 1636 buenos,
891 1577 915 1641 y
929 1556 963 1623 al
977 1554 1079 1624 sulito
1093 1556 1302 1642 occupemus,
1322 1576 1346 1641 y
1369 1554 1470 1621 todos
1490 1574 1557 1621 nos
1575 1574 1632 1621 en-

402 1670 645 1739 ·comendamos
661 1692 705 1739 en
721 1671 770 1739 las
787 1671 966 1740 oraciones
980 1670 1024 1739 de
1039 1672 1084 1741 V.
1107 1673 1148 1740 R.
1171 1672 1239 1741 Sea
1259 1692 1324 1739 con
1346 1672 1446 1738 todos
1461 1670 1547 1758 Jesu
1570 1667 1629 1737 X.⁰

473 1788 527 1855 De
542 1788 651 1854 Roma
671 1786 711 1855 16
726 1786 771 1856 de
787 1788 983 1857 settembre
1003 1802 1099 1873 1553.

474 1902 669 1989 Jmcriptio.
691 1902 950 1983 Montefiascdn,
970 1905 1072 1971 Mtte.
1094 1903 1284 1971 Bobadilla.

970 2074 1076 2157 3758

508 2208 649 2275 PATul
673 2204 958 2277 Hleuouuuo
981 2208 1277 2276 Douuuucco
1302 2208 1365 2275 ux
1388 2208 1544 2277 couu.

792 2353 882 2398 nou
898 2340 931 2397 18
942 2352 1139 2397 supremis
1154 2339 1224 2411 1553
1235 2339 1257 2397 ¹.

409 2454 540 2513 Galatae
552 2457 697 2514 Hieronis
710 2458 872 2531 collegium
884 2474 947 2513 non
954 2474 1016 2513 aso
1024 2456 1467 2531 admittendum-Episcopus
1476 2454 1633 2513 melitensis
1743 2453 1744 2462 ’

458 2548 655 2621 gymnasium
667 2548 824 2608 Societatis
833 2547 868 2603 in
876 2564 934 2603 sua
943 2546 1069 2603 dioecesi
1078 2547 1145 2602 vult
1153 2546 1323 2606 instituere.
1329 2547 1409 2602 -De
1416 2545 1507 2603 sociis
1515 2550 1543 2603 d
1551 2545 1632 2602 auba-

460 2635 515 2693 tia.
523 2635 612 2692 -Res
624 2636 972 2693 valentinam-Natalis
983 2636 1018 2691 in
1032 2635 1264 2710 Portugalliam
1276 2636 1355 2692 adit.

478 2748 551 2813 Pax
568 2742 624 2813 X}

476 2859 515 2929 L'
536 2860 656 2931 ultime
674 2862 719 2930 de
739 2862 788 2931 V.
815 2863 861 2930 R.
884 2883 970 2930 sono
989 2862 1034 2929 de
1054 2861 1077 2928 6
1096 2862 1151 2929 del
1172 2870 1348 2948 presente,
1373 2870 1409 2929 et
1430 2858 1632 2929 intendiamo

406 2988 539 3063 quanto
556 2976 589 3043 ci
604 2976 717 3045 scriue
733 2976 788 3045 del
809 2976 957 3065 collegio
974 2977 1019 3045 de
1039 2976 1283 3064 Calatagirona
1302 2986 1338 3045 et
1358 2975 1450 3043 della
1469 2972 1633 3043 oblatione

408 3092 499 3158 della
514 3091 610 3159 cittu.
630 3094 673 3158 Et
693 3104 803 3174 cert0,
825 3114 846 3159 a
866 3094 911 3160 N.
935 3094 977 3159 P.
1000 3113 1082 3179 pare
1101 3093 1215 3177 quello
1232 3093 1298 3160 che
1313 3090 1521 3159 offeriscano
1536 3088 1651 3183 molto·
1742 3127 1743 3190 ᾗ

410 3226 509 3293 poco,
525 3208 674 3289 benche,
692 3207 781 3291 dice,
797 3207 822 3275 il
838 3228 903 3275 suo
919 3208 1024 3276 molto
1040 3228 1127 3295 poco
1142 3228 1258 3277 essere
1272 3206 1493 3293 equiualente
1507 3206 1540 3272 al
1554 3224 1632 3293 poen

406 3325 475 3390 che
490 3344 572 3410 pare
587 3344 607 3390 a
623 3324 660 3393 S.
681 3324 721 3391 E.
741 3326 781 3393 L'
799 3323 917 3411 obligo
932 3324 1036 3391 etiam
1051 3324 1108 3390 del
1123 3323 1300 3410 predicare
1313 3324 1336 3388 l'
1350 3324 1503 3391 aduentu
1513 3331 1548 3388 et
1558 3340 1632 3405 que

411 3438 535 3507 resima
554 3461 624 3508 non
645 3440 664 3508 ὲ
684 3450 851 3507 consueto
870 3439 952 3508 nelli
971 3438 1109 3527 collegii
1130 3440 1175 3508 de
1190 3439 1223 3506 la
1238 3437 1454 3525 Compagnia
1468 3436 1630 3524 piglizulo,

407 3566 636 3641 quantunque
651 3557 685 3623 lo
700 3555 855 3625 sacciano
871 3578 976 3624 senza
990 3555 1109 3643 obligo
1124 3578 1186 3643 per
1204 3554 1351 3641 ragione
1369 3554 1461 3623 dello
1482 3551 1631 3619 instituto

411 3680 529 3738 nostro
544 3672 683 3757 quando
698 3671 717 3739 ὲ
733 3670 933 3758 espediente
948 3682 984 3740 et
999 3692 1147 3758 possono
1160 3672 1257 3739 farlo.
1741 3741 1742 3748 χ

478 3789 681 3855 Ilvescouo
708 3786 743 3854 di
771 3787 877 3855 Malta
897 3787 910 3820 ’
933 3788 968 3855 sa
995 3788 1099 3854 molta
1126 3786 1281 3853 instanza
1308 3808 1369 3872 per
1393 3787 1502 3853 bauer
1527 3778 1633 3852 alcuni
1741 3829 1742 3838 .

407 3900 475 3965 che
490 3896 593 3964 diano
608 3894 779 3983 principio
794 3918 814 3963 a
829 3898 887 3962 un'
905 3896 993 3963 altro
1008 3894 1098 3965 nella
1113 3917 1178 3963 sua
1193 3894 1289 3976 isola,
1306 3895 1496 3973 offerendo,
1513 3901 1576 3959 etc.
1594 3890 1632 3956 Et
1741 3941 1742 3946 ,

411 4013 537 4099 perche
553 4010 629 4079 dice
645 4013 712 4081 che
727 4010 785 4099 gii
801 4008 830 4079 si
846 4010 865 4081 ὲ
882 4022 1023 4079 trattato
1040 4008 1098 4078 un'
1115 4011 1201 4078 altra
1217 4011 1323 4091 uolta,
1343 4008 1458 4077 uonia
1473 4010 1517 4076 N.
1536 4010 1576 4075 P.
1588 4006 1632 4071 in·
1741 4067 1743 4112 ξ

412 4127 553 4197 tendere
580 4128 694 4213 quello
720 4129 785 4196 che
805 4126 834 4195 si
854 4126 988 4194 ricorda
1008 4128 1052 4195 V.
1077 4128 1118 4194 R.
1143 4137 1179 4195 et
1199 4128 1221 4191 l’
1244 4124 1320 4193 altri
1341 4125 1386 4193 de
1407 4095 1568 4193 Messina]
1594 4121 1632 4187 Et

464 4298 476 4329 ³
512 4296 677 4353 Cardinalis
686 4298 816 4368 Joannes
831 4296 936 4351 Petrus
949 4294 1077 4365 catasta,
1091 4304 1194 4367 postea
1208 4294 1316 4349 Paulus
1329 4294 1381 4349 lv,

468 4454 475 4485 ¹
514 4448 558 4504 Ex
571 4448 673 4503 codice
688 4448 805 4521 Regni.
822 4449 845 4516 1,
862 4446 913 4504 iol.
929 4460 989 4518 291.
1149 4506 1152 4511 ,

464 4542 475 4573 ²
514 4536 685 4593 Dominicus
698 4537 850 4596 Cubelles.
864 4538 1047 4609 «Episcopus
1060 4535 1225 4592 Melitensis
1242 4536 1353 4591 Romae
1370 4536 1517 4593 inmutet
1533 4532 1633 4605 egebat

408 4642 478 4683 cum
492 4627 524 4685 P.
540 4627 655 4697 Ignatio
669 4635 699 4682 ut
713 4626 826 4700 aliquos
839 4626 882 4682 iili
893 4626 932 4681 de
945 4626 1095 4682 societate
1108 4624 1203 4696 duret,
1218 4635 1251 4681 ut
1258 4624 1418 4697 collegium
1428 4624 1460 4679 in
1473 4624 1524 4679 illu
1535 4620 1632 4688 insuit,

407 4732 486 4789 quae
498 4716 616 4771 arabica
629 4716 720 4771 utitur
733 4716 844 4787 lingua,
857 4716 995 4773 inchoare
1013 4724 1142 4787 posset.»
1160 4714 1342 4794 Pouuucus,
1363 4714 1488 4776 θῆναι,
1507 4712 1557 4779 ΙΙΙ,
1575 4706 1630 4765 228.
1740 4759 1741 4802 ᾖ
