3567 5409
410 451 464 522 738
791 454 999 511 Monuueurn
1017 454 1199 510 lentamur
1257 476 1260 485 ’

375 607 436 673 sed
453 616 535 673 tunc
551 627 621 671 non
637 606 781 693 prestiti,
797 606 880 692 ‘quia
897 610 1134 694 typographus
1151 608 1303 674 nondum
1319 608 1522 695 perfunctus
1535 609 1603 676 hre-

376 732 428 787 rat
444 744 507 789 suo
525 721 651 791 officio.
665 724 734 789 lam
748 722 858 789 mitto.
874 724 1042 803 Fuerunt,
1057 744 1184 809 magno
1196 744 1371 790 concursu
1383 722 1602 790 cardinalium

375 847 410 904 et
434 836 689 924 episcoporum,
717 848 755 905 et
774 835 917 904 aliorum
934 860 1083 925 magnae
1099 838 1313 906 auctoritatis
1328 837 1519 917 hominum,
1538 848 1602 905 tam

373 952 623 1039 disputationes
635 975 737 1039 quam
749 952 851 1021 etiarn
863 954 1037 1022 orationes
1053 954 1246 1033 decoratae,
1261 974 1325 1023 nec
1337 953 1461 1021 minori
1474 954 1604 1021 satissa-

374 1058 490 1125 ctione
502 1081 604 1144 quam
618 1060 822 1145 frequentia.

443 1178 536 1263 Mag.
556 1176 741 1243 Martinum
759 1176 771 1209 ²
788 1176 900 1242 visum
917 1187 970 1243 est
988 1178 1125 1245 tandem
1143 1178 1187 1242 ad
1203 1175 1400 1263 theologiae
1416 1174 1532 1244 studia
1546 1176 1605 1244 de·

373 1291 514 1358 stinare.
563 1366 568 1373 ,

440 1408 541 1491 Quae
557 1405 732 1487 lectiones
751 1428 885 1493 quaeue
901 1406 1167 1476 exercitationes
1179 1407 1213 1473 in
1227 1419 1347 1475 nostro
1361 1406 1513 1495 collegio
1525 1406 1602 1487 sint,

373 1544 417 1589 ex
431 1524 497 1587 hac
513 1533 609 1589 carta
624 1521 793 1609 intelliget
809 1523 853 1589 V.
873 1524 929 1604 R,
949 1544 1064 1609 quarn,
1082 1522 1161 1589 licet
1178 1522 1291 1591 italice
1306 1521 1483 1609 scriptam,
1507 1522 1604 1590 facile

374 1635 558 1723 intelliges

439 1753 583 1834 Omnes,
606 1764 676 1820 tam
696 1753 804 1821 nostri
826 1776 930 1840 quam
952 1754 1098 1821 studiosi
1118 1752 1255 1841 collegii
1275 1753 1478 1841 germanici,
1501 1754 1602 1840 proti·

373 1866 474 1935 ciunt
489 1890 551 1954 per
567 1868 632 1937 Dei
648 1870 807 1957 gratiam,
826 1882 863 1938 et
872 1892 956 1937 sane
969 1869 1065 1935 breui
1079 1881 1231 1957 ternpore
1244 1890 1449 1955 progressus
1460 1890 1603 1956 magnos

377 1985 538 2052 videntur
559 1983 681 2051 facturi
703 1996 841 2072 propter
863 1985 1037 2081 assiduum
1060 1983 1246 2053 lectionum
1274 1998 1310 2051 et
1335 1984 1603 2071 disputationum

373 2101 439 2166 sub
455 2099 592 2187 optimis
608 2100 889 2186 praeceptoribus
906 2122 1018 2167 vsum.
1038 2104 1244 2168 Promoueat
1265 2102 1361 2169 Deus
1380 2122 1469 2186 opus
1490 2120 1602 2167 suurn.

439 2217 544 2302 Quod
558 2218 601 2284 V.
620 2218 662 2283 R.
681 2215 801 2282 scribit
816 2217 860 2285 de
875 2216 990 2302 aliquo
1006 2239 1048 2285 ex
1064 2215 1191 2282 nostris
1206 2214 1471 2283 Hierosolimam
1488 2214 1601 2295 misso,

371 2331 487 2397 nullus
511 2332 647 2417 quidem
670 2332 840 2398 hactenus
864 2331 988 2399 missus
1011 2311 1076 2412 est3
1106 2334 1168 2399 sed
1191 2330 1394 2399 auctoritate
1417 2330 1603 2417 apostolica

370 2446 552 2533 eriguntur
580 2447 643 2516 tria
670 2447 815 2535 collegia
841 2445 1005 2516 Societati
1033 2457 1182 2514 nostrae:
1214 2468 1320 2513 vnum
1348 2446 1601 2525 Hierosolimis,

372 2563 466 2647 quod
482 2562 625 2629 aliorum
642 2563 790 2629 duorum
806 2562 851 2628 sit
866 2574 983 2647 caput,
1001 2564 1145 2631 alterum
1163 2562 1198 2627 in
1215 2562 1342 2649 Cypro,
1362 2562 1503 2630 tertium
1517 2562 1606 2629 Con—

369 2678 602 2764 stantinopoli,
625 2700 695 2765 quo
713 2678 893 2746 mittentur
913 2699 977 2743 suo
994 2692 1158 2763 tempore,
1176 2679 1252 2743 Deo
1275 2678 1430 2759 iuuante,
1448 2676 1605 2744 coloniae

370 2792 554 2862 Societatis
578 2805 715 2861 nostrae
736 2796 761 2876 δ;
788 2792 887 2860 multi
911 2792 1000 2859 enim
1026 2792 1240 2861 sernentibus
1263 2793 1441 2862 desideriis
1464 2795 1509 2861 ad
1531 2817 1606 2863 eam

372 2910 569 2995 missionem
581 2911 756 2979 anhelant.
852 2912 855 2915 ”

437 3026 544 3093 Hisce
560 3026 735 3095 mensibus
751 3048 829 3093 curn
846 3004 890 3092 ad
907 3026 1121 3093 nestorianos
1138 3025 1208 3112 (qui
1224 3024 1258 3091 in
1281 3024 1436 3093 Orientis
1456 3026 1606 3113 regioni·

371 3144 436 3209 bus
450 3142 615 3209 latissime
633 3144 760 3229 patent)
775 3142 1001 3228 patriarcham
1021 3142 1169 3209 mitteret
1185 3162 1343 3207 summus
1359 3141 1526 3226 pontifex,
1545 3142 1607 3209 ali-

370 3280 456 3344 quos
472 3280 515 3324 ex
531 3258 657 3326 nostris
672 3257 736 3324 sibi
752 3278 794 3323 eo
810 3258 994 3325 mittendos
1011 3256 1119 3325 videri
1140 3256 1174 3321 in
1196 3256 1398 3324 consistorio
1421 3256 1520 3339 dixit3
1547 3260 1607 3325 sed

370 3372 450 3461 quia
466 3396 544 3440 cunr
562 3372 701 3455 nostris,
721 3374 779 3459 qui
800 3384 880 3439 sunt
902 3374 938 3438 in
959 3372 1067 3455 India,
1091 3372 1334 3439 commercium
1356 3374 1483 3441 habere
1506 3394 1608 3458 posse

369 3500 582 3575 compertum
598 3503 664 3568 est,
683 3472 820 3555 tandem
836 3486 942 3569 illinc,
962 3488 1075 3574 potius
1096 3509 1198 3572 quam
1220 3487 1312 3567 hinc,
1336 3486 1508 3555 iuuandos
1530 3509 1607 3555 esse

370 3638 584 3649 -.--ι--

423 3716 435 3746 ²
472 3713 519 3767 De
541 3711 666 3767 Martino
687 3710 765 3767 haud
782 3711 887 3781 semel,
905 3697 1015 3766 omisso
1032 3710 1220 3781 cognomine,
1238 3718 1336 3765 actum
1357 3717 1414 3777 est;
1433 3709 1517 3765 illum
1536 3726 1607 3766 vero

369 3800 458 3857 alium
472 3818 539 3857 esse
550 3818 568 3855 a
581 3800 707 3857 Martino
717 3802 914 3858 Stevordiano
927 3800 1082 3873 perspicue
1095 3800 1210 3872 patebit
1222 3800 1300 3854 hunc
1314 3800 1411 3855 locum
1420 3816 1488 3855 cum
1502 3798 1605 3870 LanoJ'i

369 3890 507 3962 epistola,
520 3904 536 3945 2
550 3890 726 3945 Decembris
741 3890 809 3960 1553
821 3890 901 3961 data,
910 3888 1102 3961 comparanti,
1114 3906 1152 3943 ex
1164 3906 1221 3961 qua
1234 3888 1376 3944 discimus
1386 3888 1523 3944 Viennae
1537 3897 1608 3945 tnnc

370 3980 598 4036 Stevordianum
618 3979 794 4035 consistere.
817 3980 915 4051 Epist.
933 3978 1060 4043 Mixtus,
1079 3978 1130 4049 ΙΙΙ,
1144 3982 1207 4050 049.
1227 3978 1385 4034 Caeterum
1399 3976 1436 4033 de
1456 3979 1607 4035 litterariis

369 4070 645 4140 exercitationibus,
666 4071 779 4125 Rornae
800 4070 909 4125 habitis
920 4069 950 4124 in
969 4068 1094 4125 solemni
1113 4068 1279 4123 studiorum
1300 4068 1501 4139 institutione,
1520 4088 1609 4141 supra

368 4176 583 4231 saepenumero
594 4160 719 4231 egimus.
736 4160 812 4215 Vide
825 4159 982 4231 epistolam
995 4158 1066 4226 3852
1079 4156 1116 4213 ad
1131 4158 1266 4212 eumdem
1283 4158 1457 4218 Adrianum.

421 4252 432 4282 ⁵
468 4248 539 4305 Tria
552 4251 626 4304 haec
639 4250 765 4319 collegia
777 4248 814 4303 ad
828 4248 1030 4304 maturitatem
1043 4246 1134 4302 variis
1147 4248 1185 4301 de
1203 4246 1301 4303 causis
1319 4266 1379 4303 non
1393 4260 1606 4320 pervenerunt.

370 4340 552 4411 Pothereus,
567 4337 695 4403 Cicron,
709 4337 763 4411 ΙΙΙ,
778 4351 793 4408 5
807 4347 838 4394 et
851 4338 879 4408 63
893 4336 944 4407 Ν,
961 4336 1012 4393 130
1026 4346 1057 4391 et
1073 4334 1134 4391 131.
1150 4337 1292 4393 Attamen
1306 4336 1400 4409 pridie
1414 4354 1506 4395 nonas
1518 4338 1607 4396 Octo·

369 4428 431 4483 brie
448 4427 518 4498 1553
530 4428 599 4483 data
612 4436 659 4483 est
667 4427 738 4497 Julii
752 4428 794 4481 ΙΙΙ
806 4429 887 4483 bulla
900 4416 1076 4483 Pastoralis
1089 4426 1183 4500 officii
1195 4444 1280 4495 cura,
1295 4444 1395 4499 quarn,
1411 4444 1506 4500 nuper
1520 4428 1607 4484 Vien-

368 4536 424 4573 nae
438 4516 468 4572 in
481 4516 663 4573 bibliotheca
676 4516 819 4571 Rosciana
829 4517 994 4585 inventam,
1005 4518 1183 4585 evulgarunt
1197 4516 1327 4571 editores
1337 4526 1508 4571 menstruae
1519 4518 1608 4590 ephe·

369 4606 489 4662 meridis
502 4606 643 4678 hispanae
657 4606 697 4660 El
710 4605 882 4677 Mensojero
895 4607 944 4661 del
960 4604 1097 4661 Corozdn
1116 4608 1152 4661 de
1165 4606 1266 4679 Jusrts,
1280 4606 1388 4678 Bilbai,
1406 4622 1509 4661 mense
1528 4606 1608 4678 Julio

372 4694 452 4765 1897,
466 4702 538 4751 torn.
553 4694 664 4766 XXIV,
679 4710 762 4765 pags.
780 4706 871 4763 15-24.
886 4692 947 4749 Sed
960 4694 997 4749 de
1011 4694 1056 4748 his
1070 4693 1178 4751 iterum
1191 4693 1301 4749 redibit
1313 4709 1421 4753 sermo,
