3567 5409
739 463 949 519 Mortuerum
969 461 1150 518 leuantur

901 616 1007 697 3907

479 750 755 820 SOCIETATIS
773 750 886 838 JESU
909 749 1157 819 COLLEGIIS
1181 750 1244 817 EX
1267 749 1420 817 COMM.

724 886 813 930 rona
830 885 860 929 rr
876 885 1060 930 novunnms
1075 871 1145 944 15⁵³
1160 877 1180 932 ¹.

335 981 478 1038 Prohibet
489 983 633 1056 Ignatius
646 1000 682 1038 ne
695 980 805 1038 medici
817 999 885 1038 eum
897 983 973 1055 ipsit
985 981 1215 1056 aegrotantibus
1224 981 1367 1054 agantde
1375 979 1568 1036 normann

387 1071 450 1128 loco
464 1073 688 1140 commutaverim
700 1074 752 1127 sed
763 1072 792 1128 ei
803 1073 836 1127 tu
848 1073 990 1140 expedire
997 1069 1221 1141 judicaverint,
1234 1071 1466 1144 aegrotantium
1474 1069 1569 1126 mode·

389 1159 543 1216 ratorr'bue
555 1163 718 1217 dumtaxat
730 1161 1018 1234 significent-Qui
1029 1179 1065 1216 ex
1084 1177 1145 1215 uno
1161 1160 1195 1214 tn
1214 1160 1314 1215 altum
1331 1159 1430 1215 locum
1448 1159 1570 1214 mittan·

388 1258 452 1317 tur,
472 1253 592 1309 litterae
607 1271 707 1309 secum
723 1253 834 1326 forant
852 1253 895 1308 ad
911 1253 1123 1326 collegiorum,
1136 1270 1198 1324 quo
1214 1251 1274 1307 iter
1281 1251 1419 1325 faciunt,
1432 1257 1569 1316 rectora.

390 1343 499 1414 quibus
512 1343 657 1399 viaticum
667 1343 883 1399 itinerantibus
892 1343 1142 1416 praebitumssesse
1155 1343 1338 1401 declaretur.

407 1462 480 1528 Pax
498 1460 639 1541 Christi,
657 1472 725 1528 etc.

407 1576 576 1645 Vedendo
591 1575 615 1641 li
631 1575 889 1644 inconuenienti
911 1579 976 1645 che
996 1598 1163 1658 nascono,
1181 1598 1251 1643 non
1272 1575 1407 1663 piccoli,
1430 1577 1567 1661 quando

340 1691 364 1758 11
383 1691 506 1760 medici
522 1693 646 1760 dicono
658 1691 714 1758 alli
727 1691 865 1760 amalati
875 1694 942 1759 che
953 1692 977 1758 li
989 1691 1149 1761 conuieni
1162 1694 1185 1759 l'
1202 1691 1274 1760 aria
1285 1705 1300 1733 ⁸
1312 1691 1444 1772 natiue,
1458 1714 1480 1758 o
1492 1714 1573 1760 uero

345 1809 432 1876 altra
447 1807 636 1874 mutatione
651 1808 694 1874 de
710 1808 800 1887 loco,
818 1809 838 1875 ὲ
854 1829 955 1894 parso
970 1829 992 1874 a
1008 1809 1053 1875 N.
1073 1810 1113 1874 P.
1132 1807 1331 1895 significare
1353 1830 1373 1874 a
1394 1807 1489 1888 tutti,
1512 1810 1574 1876 che

344 1924 519 1991 habbiano
536 1924 603 1992 tale
618 1923 826 1992 aduertenza
841 1923 886 1991 de
901 1923 1063 2009 preuenir
1079 1923 1107 2020 ti
1131 1923 1267 2004 medici,
1285 1927 1350 1990 che
1366 1925 1435 1990 mai
1452 1923 1574 1990 dicano

343 2041 462 2108 auanti
477 2037 500 2105 l'
516 2040 663 2106 amalato
679 2037 783 2106 cheli
799 2059 982 2125 conuenga
998 2039 1030 2104 la
1046 2039 1093 2104 tal
1109 2039 1305 2124 mutacione
1320 2039 1364 2106 de
1383 2038 1457 2106 aria
1476 2060 1575 2107 verso

343 2155 368 2223 il
384 2177 486 2243 paese
502 2177 566 2222 suo
582 2176 604 2222 ο
619 2155 706 2222 altro
721 2156 827 2242 luogo
844 2156 968 2222 alcuno
984 2155 1008 2221 ¹.
1030 2157 1086 2222 Ma
1099 2155 1128 2220 si
1140 2168 1264 2240 questo
1271 2153 1500 2240 judicassino,
1515 2156 1576 2222 do·

347 2272 489 2341 ueriano
504 2270 592 2337 dirlo
608 2271 639 2337 al
655 2281 789 2338 rectore
804 2293 826 2338 ο
841 2270 957 2356 quello
972 2270 1039 2337 che
1055 2271 1101 2336 ha
1116 2272 1149 2337 la
1168 2291 1252 2337 cura
1266 2270 1348 2337 delli
1363 2270 1455 2350 altri,
1474 2280 1510 2338 et
1529 2271 1576 2337 lui

344 2390 378 2454 1ο
394 2385 564 2456 confetiri
579 2408 644 2454 con
660 2387 705 2456 N.
725 2386 781 2466 Ρ.,
800 2385 834 2452 in
851 2387 956 2453 modo
970 2389 1036 2453 che
1047 2387 1071 2452 1’
1085 2388 1233 2454 amalato
1245 2409 1316 2453 non
1329 2386 1448 2473 sappia
1460 2386 1575 2453 niente

344 2505 434 2571 della
451 2504 496 2569 tal
517 2502 707 2571 mutatione
728 2501 841 2569 insiuo
862 2523 882 2570 a
903 2513 999 2568 tanto
1018 2505 1086 2569 che
1105 2502 1156 2568 sia
1175 2504 1370 2569 consultata
1390 2523 1458 2568 con
1479 2504 1575 2571 detto

345 2621 390 2688 N.
411 2623 466 2700 Ρ.,
485 2630 519 2687 et
535 2619 564 2686 si
580 2618 706 2686 habbia
727 2618 872 2706 risposta
893 2619 1117 2705 approbando
1138 2619 1171 2686 la
1194 2619 1240 2685 tal
1262 2617 1463 2700 mutatione,
1488 2630 1575 2685 tutte

348 2735 381 2803 le
396 2755 478 2802 cose
493 2733 718 2802 considerate.

413 2849 548 2918 Ordine
562 2849 666 2917 etiam
681 2851 725 2916 N.
747 2851 787 2916 P.
805 2851 882 2932 che,
902 2849 1040 2934 quando
1055 2871 1125 2916 vno
1141 2849 1171 2915 si
1186 2850 1313 2916 manda
1328 2849 1363 2915 di
1381 2871 1427 2915 vn
1447 2849 1576 2936 luogho

347 2966 382 3034 in
399 2967 500 3050 altro,
518 2965 547 3032 si
564 2965 676 3032 scriua
692 2965 727 3031 in
743 2986 811 3030 vna
826 2965 962 3044 lettera,
981 2962 1147 3031 indrizata
1164 2964 1220 3031 alli
1236 2964 1386 3052 collegii,
1405 2986 1466 3052 per
1488 2965 1578 3031 doue

350 3084 396 3148 ha
412 3085 457 3148 ha
473 3102 623 3168 passere,
641 3079 665 3145 11
680 3078 799 3148 denari
814 3082 882 3148 che
898 3080 921 3144 11
937 3101 1049 3147 sonno
1065 3079 1148 3162 dati3
1167 3091 1203 3146 et
1223 3081 1362 3166 quando
1382 3079 1407 3145 ti
1426 3081 1479 3147 sia
1500 3081 1579 3146 dato

348 3220 368 3263 a
386 3195 591 3265 sufficientia
607 3218 668 3283 per
685 3195 782 3261 finire
797 3195 822 3261 11
838 3216 901 3262 suo
918 3195 1059 3282 viaggio
1076 3195 1109 3282 (il
1127 3198 1192 3264 che
1208 3198 1314 3262 sarria
1326 3197 1429 3277 bene,
1442 3195 1580 3280 quando

348 3335 420 3379 non
447 3312 476 3379 si
503 3311 674 3378 mundano
701 3311 738 3376 in
762 3310 1043 3398 peregrinaggio,
1069 3309 1319 3396 mendicando),
1343 3310 1372 3377 si
1387 3310 1501 3378 scriua
1516 3313 1580 3378 che

349 3449 459 3496 sonno
476 3426 630 3514 prouisti,
650 3427 744 3496 accio
760 3429 826 3494 che
843 3448 913 3494 non
929 3427 952 3493 11
968 3427 1140 3494 habbiano
1156 3425 1190 3495 di
1206 3427 1282 3492 dar'
1299 3425 1419 3497 denari
1434 3426 1515 3494 nelli
1531 3427 1580 3492 al-

350 3543 394 3609 tri
410 3541 548 3631 collegii
563 3565 667 3612 sanza
682 3541 865 3612 necessita.
1259 3622 1263 3631 ι

417 3661 497 3725 Non
516 3659 618 3740 altro,
641 3680 679 3726 se
699 3679 769 3724 non
790 3660 857 3725 che
878 3658 932 3723 ail'
957 3656 1103 3726 orationi
1124 3655 1159 3723 di
1180 3655 1261 3722 tutti
1281 3657 1390 3724 molto
1412 3657 1445 3724 ei
1465 3679 1583 3725 racco-

353 3774 559 3842 mandiamo.

417 3890 462 3957 Di
479 3893 588 3958 Roma
603 3891 651 3957 XI
667 3891 710 3958 de
727 3891 924 3959 Novembre
946 3906 1042 3975 1553.

420 4006 594 4092 Bologna,
624 4006 808 4087 Fiorenza,
839 3987 1008 4093 Perugia,
1037 4007 1197 4086 Ferrara,
1227 4005 1392 4092 Vinegia,
1421 4006 1584 4089 Meosina,

353 4122 499 4202 Vienna,
520 4123 656 4210 Napoli.

422 4239 620 4324 inscriptio
639 4240 717 4305 Vna
734 4239 897 4325 generale
912 4262 932 4307 a
948 4237 1029 4304 tutti
1045 4237 1069 4303 li
1084 4237 1235 4325 collegii.

354 4349 569 4357 .-.—--—-—

407 4396 420 4424 ⁸
458 4397 527 4436 area
540 4399 596 4436 ms.

357 4473 419 4536 ”¹-
436 4475 626 4562 'izi—codice
654 4506 772 4579 Regest.
800 4507 825 4573 1,
851 4504 903 4564 iol.
930 4516 990 4576 54r.
1017 4505 1122 4560 Exstat
1141 4521 1249 4575 magna
1273 4507 1338 4576 ejus
1363 4523 1430 4578 pars
1456 4504 1487 4561 in
1511 4505 1583 4561 Cot.

355 4594 472 4654 Monac.
492 4595 533 4663 II,
550 4595 580 4650 ff.
595 4595 689 4664 3v·4t.

407 4683 418 4716 ⁸
456 4683 619 4740 Videantur
632 4686 840 4742 Monuuunrn
853 4685 1045 4749 lenierunt,
1059 4682 1160 4742 Series
1172 4692 1285 4758 quarta,
1301 4683 1323 4755 1,
1339 4682 1406 4741 223.
