3567 5409
451 438 505 493 402
831 422 1040 479 Montium
1060 422 1238 479 lonium

483 578 562 645 Alia
579 577 721 643 volunt&
736 576 792 643 del
807 596 960 645 veseouo
976 574 1009 642 io
1026 598 1094 643 non
1112 575 1223 643 vorria
1238 576 1491 661 contrauenire,
1508 598 1549 646 se
1567 574 1645 663 giu-

414 692 540 761 dicassi
561 694 598 762 S.
618 690 705 761 Sria.
727 690 838 759 chesi
861 691 1034 759 mutasino
1057 693 1101 760 de
1123 692 1212 774 loco,
1238 690 1438 779 passandosi
1458 714 1478 759 a
1498 692 1644 779 qualche

414 832 494 879 casa
509 830 606 889 sana,
624 830 681 877 ma
695 830 765 876 non
780 810 869 877 della
885 808 982 878 citti.

483 924 530 994 Se
546 946 613 1012 pur
628 923 649 991 ii
667 924 802 991 medico
818 923 1040 1013 consegliassi
1057 924 1186 993 cauarli
1200 926 1244 993 de
1261 926 1420 1008 Modone,
1443 937 1480 992 et
1498 946 1569 993 non
1589 948 1642 995 re·

412 1032 581 1129 pugnassi
602 1039 626 1107 il
646 1060 809 1122 vescouo‚
831 1042 877 1107 nd
900 1039 924 1107 li
943 1039 1043 1108 amici
1060 1041 1304 1128 prouedessino
1323 1041 1367 1107 de
1387 1062 1479 1123 casa,
1497 1038 1641 1109 cauateli

411 1179 480 1226 con
498 1158 532 1224 la
543 1156 784 1227 benedictione
799 1159 844 1225 de
858 1155 938 1237 Dio,
954 1168 988 1226 et
1003 1156 1221 1225 distribuiteli
1236 1176 1334 1226 come
1348 1156 1476 1244 meglio
1488 1160 1641 1245 paterio

411 1274 470 1341 voi
491 1285 528 1341 et
552 1274 584 1339 ai
608 1271 817 1353 comissario,
842 1294 880 1339 se
905 1294 969 1359 pur
992 1274 1084 1340 stari
1105 1271 1140 1340 in
1160 1272 1382 1359 dispositione
1401 1273 1446 1341 de
1462 1283 1584 1339 trattar
1597 1272 1639 1341 de

410 1401 534 1475 queste
549 1408 642 1458 cose.
659 1388 707 1468 Se
723 1410 805 1472 non,
824 1389 909 1455 fatte
925 1387 981 1454 voi
997 1409 1095 1457 come
1111 1387 1178 1456 Dio
1192 1388 1228 1454 vi
1244 1387 1422 1475 inspirari.

477 1505 548 1592 Qui
563 1528 608 1573 va
624 1526 691 1571 vna
707 1505 828 1573 lettera
844 1526 904 1590 per
919 1504 943 1571 il
959 1524 1109 1571 vescouo
1125 1505 1151 1587 ⁸,
1169 1502 1225 1570 cui
1241 1504 1338 1591 copia
1353 1504 1526 1574 vederete.
1541 1503 1638 1573 Altra

407 1622 465 1689 del
482 1630 580 1691 tenor
596 1619 784 1689 medesimo
800 1620 928 1685 mando
944 1640 1005 1705 per
1020 1621 1053 1685 la
1064 1620 1237 1689 caualiera
1248 1620 1392 1688 Cortese
1408 1620 1435 1703 ’ς
1453 1642 1509 1687 ma
1524 1618 1554 1687 si
1570 1642 1636 1687 non

408 1736 439 1803 si
454 1736 473 1805 ὲ
489 1746 654 1805 mostrata
669 1737 838 1803 beneuola
854 1747 889 1803 et
905 1734 1147 1817 benefactrice,
1164 1757 1236 1802 non
1251 1736 1417 1803 accaderd
1432 1735 1563 1804 darlila.

475 1852 503 1919 11
518 1855 622 1921 Mtro.
642 1851 796 1920 Adriano
813 1854 825 1886 ⁸
841 1873 911 1917 non
928 1851 962 1918 lo
979 1852 1138 1919 mandate
1153 1851 1212 1938 pii
1228 1851 1379 1919 discosto
1390 1852 1434 1919 de
1446 1854 1557 1920 Roma
1572 1856 1633 1921 che

405 1969 511 2038 adeso
526 1970 558 2049 ἑ,
577 1967 653 2035 anzi
670 1966 729 2054 pid
745 1966 871 2049 vicino,
889 1988 927 2037 se
943 1967 978 2033 lo
993 1978 1128 2049 cauete,
1147 1966 1288 2054 perche,
1306 1964 1458 2036 secondo
1474 1967 1630 2047 seducte,

405 2086 452 2152 ha
468 2084 617 2171 bisogno
632 2085 676 2151 de
691 2086 785 2151 buon
801 2105 970 2171 gouern03
992 2094 1027 2153 et
1050 2104 1111 2171 per
1132 2082 1186 2151 eid
1202 2105 1309 2170 penso
1324 2081 1360 2149 in
1382 2085 1490 2152 Roma
1506 2084 1629 2153 haueri

398 2200 459 2288 pid
475 2200 650 2268 comoditi
668 2202 734 2269 che
748 2200 893 2269 altroue.
912 2200 978 2269 Nel
994 2212 1085 2269 resto
1100 2200 1146 2267 mi
1163 2198 1301 2270 rimetto
1316 2202 1452 2269 aMtro.
1468 2200 1625 2269 Polaneo.

397 2314 458 2385 Sia
474 2317 551 2384 Iesd
568 2318 634 2384 X.⁰
650 2337 716 2383 con
733 2314 792 2383 noi
807 2315 890 2383 etei
906 2315 963 2383 dia
973 2316 1084 2404 gratia
1096 2318 1140 2384 de
1151 2338 1318 2387 conocere
1330 2336 1464 2404 sempre
1475 2328 1512 2393 et
1523 2315 1627 2384 adim·

397 2432 471 2519 pire
488 2455 551 2500 sua
566 2431 762 2500 santissimo
777 2434 931 2500 volunti.

463 2550 517 2617 De
534 2548 644 2616 Roma
660 2550 704 2615 26
719 2549 763 2618 de
779 2550 917 2636 Agosto
937 2566 1034 2635 1553.

364 2667 368 2676 “
462 2666 661 2753 Inscriptio.
680 2666 749 2733 Per
763 2664 788 2731 il
804 2666 916 2733 Padre
932 2667 1001 2733 don
1017 2667 1044 2733 F
1047 2686 1209 2734 rancesco
1226 2666 1368 2735 Palmio.
1434 2722 1442 2745 ‚

702 2808 1316 3002 THOMAEffiSgiilNOLAE

791 3078 903 3121 none
915 3068 952 3120 26
963 3076 1102 3121 meuse-1
1118 3063 1186 3135 1553
1201 3070 1219 3123 ¹.

434 3176 678 3254 'Profectionem
691 3182 798 3237 Patris
813 3180 919 3237 Loinii
931 3180 1088 3253 impedire,
1103 3187 1158 3237 aui
1167 3186 1245 3239 cerie
1259 3184 1429 3251 retardare,
1440 3185 1562 3241 dueim

536 3272 712 3328 Florentiae
723 3269 852 3345 magio
865 3270 1006 3345 [gratim
1018 3288 1055 3327 ne
1067 3270 1101 3327 id
1112 3270 1232 3327 accidat
1243 3275 1367 3344 operam
1379 3272 1475 3329 dabit.

964 3394 1041 3539 Jiis.

454 3594 561 3661 Molto
577 3593 763 3681 magnifico
777 3592 898 3680 signer
913 3592 1033 3661 mio-in
1051 3596 1127 3663 lesi
1144 3594 1209 3663 X.⁰

453 3708 502 3776 La
522 3706 635 3795 gratia
657 3719 693 3776 et
715 3728 800 3795 pace
820 3709 863 3775 de
886 3707 954 3776 X.⁰
977 3710 1021 3777 N.
1047 3710 1080 3779 S
1106 3710 1157 3777 sia
1179 3732 1313 3797 sempre
1337 3722 1372 3779 et
1395 3731 1513 3780 cresce
1537 3709 1610 3779 nell'

383 3822 497 3891 anime
514 3834 643 3894 nostre.

449 3940 490 4007 L'
513 3940 600 4006 altro
620 3940 742 4007 sabato
763 3942 809 4006 ho
829 3940 950 4007 scritto
970 3963 990 4009 a
1011 3941 1055 4008 V.
1082 3939 1170 4010 Sria.
1188 3950 1224 4009 et
1244 3962 1264 4008 a
1287 3944 1399 4011 Mons.
1427 3943 1450 4009 il
1474 3942 1607 4023 vicario,

379 4056 448 4123 che
463 4056 489 4135 ⁹,
508 4058 638 4122 hauuta
653 4054 712 4142 gii
727 4054 866 4123 licentia
880 4056 970 4123 della
986 4056 1125 4144 signore
1141 4058 1295 4142 duquesa
1311 4059 1354 4127 de
1370 4058 1539 4128 Fiorenza
1554 4060 1565 4095 ³
1580 4060 1608 4145 (a

384 4182 616 4298 —T-Epistola
629 4224 712 4295 ³690.
1076 4228 1088 4261 ⁴
1125 4226 1202 4282 Vide
1215 4226 1369 4300 epistolem
1383 4231 1574 4302 superiorem.

434 4318 446 4351 ¹
483 4315 633 4371 Adrianus
644 4314 806 4375 Candidus.

434 4472 442 4504 ¹
479 4469 525 4523 Ex
538 4465 642 4523 codice
656 4466 775 4541 Rogat.
789 4466 815 4534 1,
830 4464 880 4523 foi.
898 4466 1117 4537 rso-Corios,
1131 4485 1161 4529 n.
1175 4466 1344 4529 CCCXLii.

430 4562 442 4593 ¹
479 4557 556 4613 Vide
570 4556 711 4630 epistolae
723 4554 796 4625 3654
808 4565 839 4612 et
853 4554 935 4627 3655.

429 4648 442 4681 ⁸
478 4647 623 4703 Eleonore
635 4646 673 4702 de
685 4646 802 4702 Toleto.
