3567 5409
783 450 991 507 Mouuurrurs
1010 451 1188 506 [Guarinus

935 615 1041 696 3926

459 788 463 794 ,
580 757 765 824 PATRI
800 753 1086 825 ADRIANO
1122 758 1384 824 ADRIANl

755 902 845 946 nous
861 903 897 944 22
910 901 1092 946 uovsussrs
1109 888 1179 959 1553
1192 891 1212 948 ¹.

454 1003 537 1072 Quid
550 1006 741 1077 responderit
761 1006 946 1061 Vishauaeus
958 1008 1002 1061 ad
1014 1006 1143 1061 Holonii
1151 1006 1330 1077 peritiorum
1343 1005 1512 1080 significat.

433 1132 505 1198 Pax
524 1132 662 1199 Christi.
707 1199 709 1206 ,

432 1249 635 1316 Reverende
653 1253 766 1318 Pater.

431 1365 562 1449 Accepi
589 1365 721 1432 litteras
748 1370 791 1433 D.
808 1366 972 1454 Gregorii
993 1365 1134 1433 Holonii
1155 1366 1234 1432 cur'n
1255 1365 1330 1432 aliis
1351 1363 1598 1431 commendati·

361 1477 419 1544 tiis
436 1480 479 1545 V.
499 1482 556 1562 R,
575 1500 596 1562 4
612 1481 825 1567 Septembris
841 1481 991 1569 scriptis,
1010 1483 1071 1549 sed
1088 1500 1132 1548 20
1148 1481 1312 1549 Octobris
1327 1481 1409 1548 inde
1425 1479 1539 1546 missis
1553 1481 1594 1544 ab

358 1595 485 1662 eodem
502 1598 546 1662 D.
566 1597 719 1664 Holonio
737 1600 764 1663 ¹.

431 1710 526 1795 Quid
554 1711 712 1778 statuerit
733 1715 777 1782 de
804 1713 876 1781 suis
905 1713 1082 1783 beneficiis
1109 1733 1214 1799 agere
1242 1715 1283 1780 Ρ.
1308 1712 1507 1791 Cornelius,
1530 1711 1598 1798 ipse

360 1823 512 1911 scripsit,
531 1838 565 1892 et
588 1827 674 1895 forte
696 1830 811 1896 denuo
833 1829 972 1912 scribet;
998 1831 1059 1896 sed
1083 1850 1217 1896 summa
1240 1831 1326 1896 haec
1348 1839 1414 1894 est.
1441 1827 1549 1911 Quod
1571 1826 1597 1892 si

358 1939 438 2008 eius
455 1963 561 2028 nepos
578 1946 590 1978 ⁵
608 1944 642 2010 in
659 1945 831 2014 Societate
847 1962 966 2012 nostra
981 1945 1186 2024 admittitur,
1203 1943 1428 2011 libentissime
1444 1946 1598 2011 conteret

359 2055 419 2122 cui
435 2057 609 2126 videbitur
629 2063 669 2126 V.
689 2063 730 2128 R.
750 2062 880 2129 Sinon
902 2062 1115 2141 admittetur,
1139 2061 1275 2128 videtur
1296 2060 1361 2126 sibi
1383 2060 1494 2126 teneri
1517 2061 1598 2125 sub·

362 2173 520 2239 uentioni
535 2175 621 2241 eius,
642 2177 761 2261 ltaque
777 2177 896 2244 scribit
911 2189 962 2260 vt,
985 2186 1175 2263 promotus,
1197 2179 1263 2242 hoc
1285 2198 1366 2244 vere
1387 2177 1431 2242 ad
1452 2197 1518 2241 nos
1540 2197 1598 2242 ue-

359 2288 433 2355 niat
448 2311 526 2356 cum
545 2291 631 2370 aliis,
651 2291 680 2357 si
696 2314 787 2376 quos
799 2295 867 2358 huc
884 2292 1015 2359 miserit
1032 2294 1076 2359 V.
1097 2295 1152 2372 R„
1172 2292 1272 2358 cuius
1287 2291 1352 2359 erit
1367 2291 1521 2357 officium
1537 2311 1600 2356 nos

359 2405 525 2473 certiores
542 2409 685 2475 reddere
697 2411 740 2478 de
753 2409 827 2477 eius
841 2411 932 2477 bono
944 2410 1132 2496 proposito,
1147 2420 1181 2477 et
1193 2409 1280 2489 aliis,
1295 2430 1385 2492 quae
1396 2407 1487 2475 scire
1499 2429 1600 2493 opor-

362 2531 446 2601 teat,
466 2534 503 2586 ut
520 2523 654 2589 admitti
669 2525 788 2610 possit.

431 2639 518 2706 Vale
534 2639 567 2704 in
585 2641 671 2720 X.⁰,
692 2643 794 2709 Pater
810 2641 869 2722 mi,
887 2654 924 2709 et
939 2641 1125 2709 Dominum
1143 2664 1205 2727 pro
1221 2640 1321 2706 nobis
1333 2661 1405 2706 ora.

430 2755 559 2821 Romae
575 2773 617 2821 22
636 2756 844 2824 Novembris
860 2768 874 2798 ⁸
895 2773 993 2842 1553.

429 2871 625 2956 Inscriptio.
648 2874 679 2942 A
696 2873 864 2953 Louanio,
883 2875 915 2939 al
935 2877 973 2941 P.
993 2874 1162 2940 Adriano.

923 3046 1030 3126 3927

594 3135 1273 3253 ¹'secrsouadouou

739 3331 828 3373 sous
848 3317 883 3372 23
905 3329 1087 3373 uovsusars
1108 3315 1178 3386 1553
1197 3318 1218 3372 ¹.

360 3429 397 3485 In
413 3433 555 3487 animum
574 3433 693 3490 inducit
712 3435 854 3509 ignatius
872 3452 990 3508 augere
1003 3435 1108 3508 potius
1125 3451 1217 3505 quum
1240 3433 1426 3490 imminuere
1446 3434 1599 3489 sociorum

412 3521 623 3578 viennensium
638 3541 811 3580 numerum.
820 3525 924 3580 -Sine
935 3525 1019 3598 regis
1031 3523 1216 3595 beneplacito
1229 3523 1349 3578 nulium
1363 3541 1399 3579 ex
1408 3522 1498 3579 sociis
1514 3523 1602 3578 Vien-

414 3629 455 3666 na
469 3629 499 3666 se
511 3618 724 3674 revocaturum
738 3615 873 3685 spondet.

921 3743 1031 3830 us·-

428 3869 655 3942 Serenissime
671 3897 732 3942 rex
749 3895 788 3940 ac
804 3875 1235 3945 domine‘clementissime.

413 4058 427 4086 ι
465 4043 667 4099 Nouembrum
682 4063 738 4099 ms.

411 4210 425 4236 ²
462 4195 552 4250 Deest
566 4197 598 4250 in
613 4197 704 4252 uult.»

363 4300 562 4310 ——-—-—

415 4347 422 4378 ¹
462 4348 506 4401 Ex
518 4347 619 4403 codice
634 4349 754 4424 Regest.
770 4350 795 4415 Ι,
810 4349 860 4405 ror.
876 4363 960 4409 210v.

414 4437 425 4470 ¹
462 4435 537 4492 Vide
550 4439 705 4510 epistolam
718 4439 911 4511 superiorem.
1195 4508 1202 4521 “

414 4526 424 4554 ³
461 4523 623 4582 Rumoldus
637 4527 832 4598 Vishavaeus,
846 4526 883 4582 de
896 4523 955 4601 (juo
968 4545 1067 4602 supra,
1081 4529 1133 4602 IV,
1153 4529 1213 4587 182.

412 4677 420 4708 ¹
459 4678 504 4732 Ex
521 4677 697 4734 adversariis
712 4681 902 4752 autographis
921 4681 954 4735 P.
973 4681 1102 4753 Polanci,
1124 4680 1153 4736 in
1171 4680 1273 4737 codice
1293 4681 1390 4754 Epist.
1412 4683 1541 4738 Polonci
1559 4700 1595 4736 ex
