3567 5409
818 544 819 549 γ
839 476 1046 547 Monuuaurt
1065 479 1244 535 lunarum

968 646 1092 728 ‘38⁰5
1117 676 1123 685 ·

744 785 1010 855 EPISCOPO
1036 785 1330 856 MUTINENSI

432 980 441 993 κ
834 913 1241 990 noun7ocrosu1s1353¹.

416 1000 504 1085 'Cum
517 1048 626 1087 rursus
639 1035 673 1089 in
687 1033 823 1089 morbum
833 1034 908 1090 socii
918 1034 1105 1093 mutinenses
1117 1036 1298 1110 inciderint,
1310 1038 1411 1109 itque,
1427 1041 1461 1093 ut
1473 1038 1580 1093 medici
1589 1040 1647 1094 ssi·

475 1122 612 1189 stimant,
627 1125 700 1195 quin
712 1126 811 1193 aedes,
825 1141 901 1196 quas
913 1126 1063 1197 incolunt,
1073 1126 1245 1182 insalubres
1253 1132 1336 1190 sunt,
1343 1131 1437 1200 putat
1449 1126 1482 1184 in
1493 1126 1589 1181 aliam
1598 1129 1645 1183 do·
1743 1176 1745 1209 Ι

421 1228 425 1237 ’
478 1229 562 1267 mum
575 1214 843 1287 cornmigrandum
855 1231 927 1274 esst.

490 1330 590 1397 Rmo.
610 1333 724 1398 Mons.
742 1330 776 1397 in
793 1332 859 1399 X.⁰
874 1332 1193 1400 osservandissimo.
1743 1408 1745 1437 Ι

490 1446 540 1513 La
556 1468 685 1513 somma
702 1448 814 1535 gratia
830 1461 865 1515 et
880 1470 978 1516 amor
994 1460 1113 1517 eterno
1132 1450 1177 1519 de
1196 1448 1262 1519 X.⁰
1278 1460 1397 1516 nostro
1417 1448 1533 1537 signer
1546 1448 1641 1517 saluti
1743 1440 1745 1463 ⁵

423 1574 460 1629 et
476 1561 568 1629 uisiti
584 1562 628 1629 V.
646 1564 736 1632 Sria.
754 1566 852 1632 Rma.
872 1584 940 1633 con
960 1565 1036 1632 suoi
1056 1564 1241 1633 santissimi
1260 1566 1342 1632 doni
1363 1582 1399 1634 et
1420 1564 1528 1653 gratie
1548 1564 1640 1651 spiri·
1743 1562 1745 1637 Ῐ

424 1676 522 1749 tuali.

411 1833 417 1859 .·
491 1796 558 1864 Per
573 1796 695 1865 lettere
714 1796 793 1865 delli
815 1796 925 1864 nostri
944 1798 1127 1865 habbiamo
1148 1798 1260 1885 inteso
1283 1800 1327 1865 de
1347 1800 1472 1866 alcuna
1488 1796 1637 1865 infirmiti

422 1913 601 1997 corporale
617 1913 662 1982 de
678 1913 721 1981 V.
740 1912 845 1996 sria.‚
863 1912 898 1983 et
915 1914 1097 1990 habbiamo
1114 1915 1200 1982 fatto
1223 1929 1321 2001 parte
1340 1915 1386 1984 de
1401 1926 1517 1982 nostro
1530 1912 1641 1982 debito

422 2025 459 2093 in
474 2047 601 2113 pregar
615 2029 647 2095 la
663 2027 787 2103 diuina,
797 2039 831 2097 et
847 2009 978 2097 somma
993 2030 1099 2098 bonti
1114 2029 1144 2097 si
1159 2030 1264 2127 degni
1278 2029 1456 2099 restituirli
1470 2029 1578 2115 quella
1588 2050 1637 2097 sa·

423 2140 496 2209 nite
512 2146 701 2231 corporale,
720 2148 784 2213 che
800 2168 860 2233 per
882 2147 917 2214 la
938 2145 1116 2233 spirituale
1131 2148 1187 2215 del
1202 2168 1266 2215 suo
1282 2168 1391 2234 grege
1405 2168 1445 2214 sa
1460 2167 1552 2215 esser
1566 2165 1638 2213 con·

424 2256 601 2330 ueniente.
1199 2330 1203 2335 .

407 2420 410 2435 .
491 2374 602 2442 Etiam
618 2375 828 2447 intendiamo
848 2381 913 2447 che
935 2378 960 2445 li
979 2378 1088 2446 nostri
1108 2378 1142 2446 di
1166 2399 1261 2446 nouo
1279 2399 1364 2445 sono
1384 2377 1538 2446 ricascati
1556 2375 1636 2444 nelle

422 2490 597 2573 infirmiti,
615 2494 682 2561 che
698 2492 756 2580 git
771 2491 830 2559 un'
848 2494 941 2561 uolta
958 2494 1039 2560 tutti
1054 2493 1196 2561 insieme
1216 2495 1239 2560 l'
1256 2497 1301 2562 ha
1326 2494 1437 2562 tenuti
1449 2491 1591 2573 amalati;
1605 2502 1636 2561 et

423 2608 455 2675 la
480 2627 585 2675 causa
610 2628 692 2695 pare
716 2608 764 2676 sia
785 2608 1093 2679 indubitatamente
1113 2610 1193 2695 quel
1213 2611 1347 2697 luogho
1368 2610 1532 2691 malsano,
1550 2629 1637 2675 oome

422 2722 512 2789 forsa
528 2725 570 2791 V.
591 2722 679 2793 Sria.
699 2727 796 2793 Rma.
815 2726 945 2793 haueri
961 2724 1073 2795 inteso
1090 2726 1134 2793 da
1145 2724 1173 2794 li
1188 2726 1324 2806 medici,
1341 2727 1385 2802 de
1401 2725 1458 2792 cui
1472 2744 1588 2813 parere
1600 2744 1636 2793 ce

410 2838 583 2907 ‘scriuono
598 2852 720 2925 queste
739 2842 867 2928 parole,
886 2842 952 2909 che
968 2852 1043 2910 tuta
1058 2844 1091 2912 la
1107 2863 1188 2909 casa
1208 2842 1313 2909 staria
1333 2862 1469 2927 sempre
1489 2840 1634 2908 amorba-

302 3032 306 3041 ‚
421 2966 468 3035 ta,
487 2956 520 3023 la
535 2957 636 3041 quale
652 2978 710 3025 era
726 2976 795 3023 una
811 2960 975 3043 spelunca
996 2958 1030 3025 di
1050 2958 1145 3026 fiere.
1168 2960 1302 3044 Queste
1325 2958 1442 3043 parole
1464 2955 1634 3025 medesime
1743 2946 1745 2973 ³

421 3072 467 3138 mi
483 3071 645 3139 scriuono
661 3074 770 3141 hauer
789 3075 885 3140 detto
909 3074 933 3139 il
954 3072 1088 3141 medico
1111 3072 1146 3140 di
1163 3075 1207 3141 V.
1226 3072 1316 3144 Stia.
1335 3073 1374 3143 Si
1389 3075 1456 3139 che
1471 3073 1506 3138 in
1522 3070 1632 3149 ueriti,

421 3200 646 3273 quantunque
662 3190 706 3255 ne
722 3190 754 3255 la
770 3188 934 3256 infirmit&
950 3192 994 3257 ne
1008 3190 1043 3260 la
1063 3200 1189 3270 morte,
1209 3210 1307 3276 presa
1330 3212 1391 3276 per
1411 3188 1436 3255 il
1451 3186 1568 3259 diuino
1580 3188 1633 3253 ho·

420 3324 504 3371 nore
519 3316 554 3373 et
569 3303 716 3400 aggiuto
732 3305 812 3374 dell'
831 3304 956 3385 anime,
970 3306 1002 3373 ci
1014 3319 1194 3391 spanenta,
1209 3327 1279 3371 non
1292 3304 1402 3391 potria
1415 3304 1522 3391 parire
1535 3300 1632 3370 lamia

420 3418 624 3486 conscienza
640 3421 706 3487 che
722 3418 756 3486 io
772 3421 968 3507 permettesi
985 3421 1101 3506 quelli,
1120 3424 1186 3491 che
1202 3420 1269 3489 Dio
1282 3422 1329 3487 N.
1349 3422 1386 3490 S.
1402 3423 1449 3487 ha
1462 3430 1561 3507 posto
1574 3431 1632 3485 sot·

421 3546 458 3602 to
474 3534 542 3601 mia
556 3556 652 3616 eura,
670 3536 837 3604 restasino
853 3535 888 3603 in
902 3538 946 3603 tal
961 3536 1123 3623 pericolo,
1138 3536 1347 3623 giudicando
1359 3536 1410 3605 sia
1422 3535 1630 3633 impedimen·

421 3659 457 3716 to
472 3651 527 3718 del
543 3650 662 3717 diuino
677 3651 819 3720 seruitio
833 3661 869 3720 et
884 3651 968 3720 deli
983 3652 1140 3740 proximi,
1159 3665 1196 3720 et
1210 3665 1330 3719 contra
1350 3653 1383 3719 la
1397 3650 1529 3719 chariti
1546 3666 1633 3718 uerso

420 3766 493 3832 loro
509 3765 627 3848 stessi3
646 3767 663 3833 ὲ
681 3788 798 3853 parsu,
824 3768 978 3855 parendo
994 3790 1014 3835 a
1030 3769 1076 3838 V.
1097 3766 1201 3847 Sua..
1224 3770 1289 3835 che
1309 3766 1398 3836 seria
1419 3768 1509 3837 bene
1525 3763 1631 3853 pigliu

421 3902 489 3948 una
513 3903 593 3949 casa
621 3883 735 3963 afitto‚
761 3884 864 3951 etiam
888 3886 954 3952 che
974 3883 1075 3951 stessi
1102 3904 1226 3951 manco
1248 3904 1392 3952 numero
1415 3882 1496 3952 delli
1525 3880 1628 3959 nostri,

420 4018 518 4063 como
535 3996 681 4066 sarebbe
701 3998 849 4065 insinoa
870 3998 937 4078 sei,
961 4004 1062 4066 'como
1086 3998 1270 4067 insonuerit
1295 4011 1413 4067 nostro
1429 3999 1562 4066 fratello
1575 3997 1630 4063 dou

419 4114 613 4182 Francesco
636 4114 768 4181 Palmio
791 4137 812 4181 a
834 4116 877 4183 V.
893 4116 983 4185 Sria.
1008 4117 1106 4184 Rma.
1133 4116 1177 4182 Et
1200 4114 1452 4184 rimettendomi
1476 4138 1497 4181 a
1518 4114 1565 4181 lui
1584 4109 1629 4179 nel

418 4232 522 4300 resto,
536 4231 571 4286 et
582 4220 806 4290 humilmente
819 4221 1163 4290 raccomandandomi
1176 4222 1256 4290 nell'
1269 4222 1414 4290 orationi
1426 4223 1471 4291 de
1483 4224 1528 4291 V.
1542 4218 1628 4297 Stia,

419 4336 608 4405 solamente
626 4339 797 4424 pregharo
817 4338 849 4405 la
872 4336 990 4404 diuina
1010 4350 1045 4405 et
1065 4360 1199 4405 somma
1221 4338 1327 4406 bonti
1348 4360 1369 4407 a
1392 4336 1473 4405 tutti
1496 4334 1630 4405 consede

419 4452 532 4539 gratia
548 4474 607 4539 per
620 4474 786 4523 conoseer
797 4465 834 4521 et
845 4453 1020 4540 adempire
1031 4475 1167 4541 sempre
1178 4476 1242 4523 sua
1254 4454 1450 4523 santissima
1462 4450 1597 4522 uolunti
1606 4450 1627 4513 ¹.

420 4574 606 4585 μ..-

474 4623 480 4653 ¹
520 4621 564 4677 Ex
576 4620 679 4677 codice
693 4622 812 4694 Καμεὶ,
827 4622 853 4690 I,
870 4621 922 4681 iol.
935 4620 1164 4693 &ve-Certus,
1176 4642 1207 4684 n.
1219 4622 1375 4683 CCCLIV.

470 4712 482 4745 ¹
519 4709 575 4765 His
587 4710 694 4767 litteris
706 4712 859 4785 rescripsit
871 4711 1028 4785 episeopus
1040 4712 1166 4784 epistola
1178 4710 1325 4785 sequenti.
