3567 5409
506 499 612 557 Enisn.
632 496 788 567 ὄπα-κύ
807 498 953 557 Ancum
973 494 1042 568 155³
1300 509 1351 568 ⁴¹¹

171 673 262 739 spero
273 652 356 739 ogni
369 654 457 722 bene
471 654 482 689 ¹
495 652 668 721 mediante
680 652 712 720 la
723 650 842 719 diuina
857 651 982 740 gratia,
997 652 1098 739 quale
1109 668 1245 737 sempre
1260 648 1289 719 si
1306 671 1391 718 con-

171 786 264 834 serue
279 778 313 835 et
329 789 447 837 crocea
462 767 498 835 in
512 767 594 834 tutti
610 768 680 835 noi.

229 882 271 952 Di
287 886 397 965 Roma
414 885 457 951 26
472 886 507 952 d'
525 886 659 971 Agosto
680 900 775 969 1553.

227 1116 264 1181 ln
280 1118 429 1185 Modena
445 1116 474 1185 si
490 1139 576 1185 sono
592 1118 673 1185 tutti
689 1116 833 1189 insieme
848 1117 999 1195 amanti.
1016 1116 1119 1187 ctiam
1140 1118 1249 1186 Samo
1264 1118 1290 1197 ⁸,
1308 1127 1344 1183 et
1359 1116 1390 1185 si

167 1230 206 1296 di
222 1230 340 1301 ordine
357 1254 376 1298 a
392 1234 460 1299 don
476 1234 673 1303 Francesco
689 1232 820 1303 Palmio
836 1236 903 1305 che
918 1235 1007 1303 vada
1022 1236 1066 1301 ad
1081 1232 1254 1321 agiutarli,
1272 1234 1392 1301 leuan-

167 1346 229 1412 doii
248 1348 292 1417 de
313 1350 461 1417 Modena
481 1370 519 1415 se
535 1372 606 1415 non
626 1347 649 1415 ii
665 1348 756 1416 dano
772 1348 806 1415 di
823 1349 855 1415 ld
871 1370 952 1417 casa
971 1349 1116 1417 comoda
1131 1370 1192 1436 per
1207 1351 1292 1429 loro,
1310 1371 1390 1435 per·

166 1464 225 1529 chi
239 1484 323 1549 pare
339 1466 418 1550 quel
433 1464 547 1533 locoli
565 1464 673 1533 faccia
695 1464 830 1533 amalati
848 1464 939 1534 tutti.
959 1467 1003 1534 V.
1028 1467 1071 1535 R.
1097 1464 1121 1531 li
1137 1464 1353 1533 raccomandi
1369 1486 1391 1537 a

167 1577 238 1646 Dio.
255 1580 323 1647 Fra
339 1581 412 1647 loro
428 1580 530 1649 etiarn
546 1582 565 1649 ὲ
582 1582 605 1647 il
621 1580 802 1649 comisatio
818 1582 844 1651 ⁹.

226 1696 422 1781 Inccn'ptio.
442 1698 618 1777 Florenza,
638 1700 741 1765 Mtro.
760 1698 909 1783 Laynez.

721 1867 826 1951 ³7⁰⁰

372 2012 514 2079 PATRI
535 2010 723 2097 JACOBO
747 2011 909 2079 LAINIO
934 2012 996 2078 EX
1020 2011 1171 2079 COMM.

558 2166 648 2210 noun
665 2152 701 2208 26
719 2163 859 2211 nucusn
880 2150 950 2223 155³
968 2152 991 2212 ¹.

164 2287 247 2356 Quid
259 2288 431 2345 Eleonorae
442 2290 479 2344 de
497 2288 607 2354 Toleto,
621 2289 767 2345 Loinium
785 2290 868 2361 apud
885 2306 916 2343 se
932 2286 1067 2362 cupienti
1083 2290 1228 2354 rotinere,
1245 2287 1388 2361 {gnatius

693 2377 859 2451 scripserit.

227 2516 302 2581 Pax
317 2512 376 2581 X!

225 2630 276 2698 La
292 2629 399 2697 Iilma.
418 2638 542 2697 senora
558 2630 713 2714 duquesa
729 2628 776 2696 ha
791 2628 911 2695 scritto
930 2634 950 2696 i
970 2630 1015 2697 Ν.
1038 2624 1080 2695 P.
1103 2650 1172 2714 que
1190 2633 1327 2713 querria
1342 2648 1389 2695 no

163 2764 198 2811 se
213 2734 395 2813 ausoniase
412 2745 457 2813 V.
476 2746 516 2812 R.
532 2746 576 2813 de
592 2766 651 2813 esa
670 2756 685 2785 ¹
704 2744 829 2811 ciudad
850 2744 885 2812 ni
905 2766 975 2811 aun
994 2764 1077 2833 para
1099 2766 1166 2811 una
1185 2746 1279 2810 hora.
1301 2745 1388 2812 Res·

161 2860 271 2945 ponde
286 2852 428 2927 nuestro
445 2861 556 2929 Padre
572 2866 593 2927 d
608 2860 649 2929 S.
672 2862 712 2927 E.
736 2862 770 2925 io
792 2882 860 2946 que
881 2860 915 2926 le
934 2879 1075 2947 patesce
1096 2860 1124 2942 ¹,
1149 2858 1389 2927 remitiendose

161 2974 353 3041 finalmente
369 2980 390 3041 i
406 2974 440 3041 lo
455 2996 522 3060 que
538 2976 603 3041 eila
619 2976 794 3057 mandare3
812 2996 835 3059 y
851 2978 900 3042 asi
914 2976 963 3042 V.·
974 2975 1012 3041 R.
1026 2974 1062 3041 lo
1074 2974 1170 3054 hard,
1186 2994 1253 3059 que
1266 2996 1388 3060 pareze
1460 3001 1463 3008 ·

161 3110 204 3155 no
220 3091 331 3175 puede
348 3092 394 3159 N.
415 3092 455 3157 Ρ.
474 3092 580 3158 denar
595 3092 639 3157 dc
655 3090 837 3159 obedezer.

227 3206 258 3273 Y
275 3218 349 3273 esta
365 3227 411 3273 no
427 3206 547 3274 siendo
562 3228 645 3293 para
661 3218 737 3274 otro
752 3204 779 3289 b,
794 3207 983 3275 solamente
993 3205 1067 3273 dire
1079 3226 1147 3292 que
1159 3216 1308 3274 estamos
1320 3220 1389 3274 con

162 3320 192 3386 ia
208 3321 306 3388 solita
322 3322 433 3388 salud.
447 3320 662 3413 Jesu[cristo]
679 3322 722 3389 N.
741 3322 779 3390 S.
798 3343 835 3389 se
851 3320 945 3389 sirua
960 3322 1004 3389 de
1018 3321 1095 3388 elia.

224 3438 340 3505 Todos
356 3458 420 3505 nos
435 3439 722 3506 encomendamos
738 3446 751 3477 ⁶
768 3440 892 3503 mucho
908 3458 953 3505 en
968 3438 1018 3504 las
1035 3436 1212 3503 oraciones
1224 3459 1248 3521 y
1259 3433 1388 3503 sacrifi-

160 3550 230 3619 cios
244 3554 287 3619 de
303 3552 348 3619 V.
364 3554 405 3619 R.

225 3670 277 3739 De
294 3671 403 3736 Roma
420 3669 464 3735 26
478 3669 522 3735 de
539 3672 674 3755 Agosto
694 3684 792 3753 1553.

224 3785 416 3869 Inscriptio.
437 3788 504 3852 Per
520 3784 544 3850 il
560 3783 746 3853 medesimo
762 3783 877 3871 [Mtro.
896 3782 1059 3875 Laynez].

208 3968 221 3995 ¹
239 3952 354 4009 dessesi
367 3970 421 4011 ms.
469 3956 511 3999 -b
530 3955 568 4011 In
581 3971 650 4022 mn,
669 3954 732 4009 loco
749 3954 996 4025 praecedentium
1009 3969 1060 4007 sex
1072 3952 1244 4017 verborum,
1259 3953 1388 4026 legitur:

159 4040 185 4095 Y
197 4051 302 4114 questo
315 4058 333 4097 a
346 4058 404 4097 non
417 4060 437 4115 y
451 4060 520 4109 narn
532 4053 607 4099 otro.
647 4057 694 4085 -0
713 4042 960 4099 encomandamoe
971 4058 1029 4097 mc.

161 4146 370 4157 -—-——-—

211 4197 221 4227 ’
257 4194 388 4263 Legitur
401 4192 583 4259 potinem,
600 4191 725 4257 chron„
742 4192 794 4263 111,
807 4204 851 4246 20.

211 4286 222 4317 ⁸
258 4284 385 4339 «Missus
397 4280 455 4339 fuit
467 4282 628 4353 [Florentia
642 4279 795 4353 Mutinam]
810 4280 963 4353 coadjutor
972 4281 1002 4336 in
1016 4296 1117 4336 eorum
1129 4278 1306 4350 subsidium,
1317 4279 1388 4335 San·

160 4380 225 4427 ctus
247 4372 382 4439 nomine,
407 4372 459 4445 qui
483 4378 514 4427 et
539 4370 603 4443 ipse
633 4372 719 4443 paulo
744 4380 811 4443 post
841 4370 871 4426 in
901 4368 1008 4425 febrim
1038 4367 1178 4425 incidit.»
1204 4368 1388 4441 ΡοιΑΝουε,

164 4456 348 4533 Ciron..111‚
365 4460 426 4530 ¹5³-
920 4472 924 4481 ’

211 4552 223 4585 ⁹
259 4550 581 4622 Joennethn.Viola.

211 4729 219 4761 ¹
258 4730 300 4784 Ex
313 4729 415 4785 codice
430 4730 549 4804 Regest.
562 4730 590 4800 I,
601 4728 652 4787 foi.
670 4730 714 4785 16.
882 4730 893 4761 ²
932 4724 1009 4781 Vide
1022 4725 1179 4798 epistoiem
1191 4725 1385 4797 superiorem.
