3567 5409
363 488 369 497 .
420 453 473 521 4⁷⁶
798 454 1005 511 Moriuurnrn
1024 454 1203 510 Ioannem

381 606 542 677 nucina
572 606 734 676 instantia
768 608 863 676 accio
901 608 1168 695 temporegiasse
1199 607 1360 694 quindeci
1391 608 1524 696 giomi,
1554 609 1608 697 git

385 720 488 792 ntro.
507 725 645 812 Laynez
660 724 804 793 sarebbe
818 725 852 790 in
870 725 1030 794 Genoua.
1052 728 1111 792 Ma
1130 745 1216 811 poco
1237 725 1350 811 doppo
1370 736 1491 809 questa
1512 746 1608 812 spero

382 837 538 907 *atriuard
553 860 615 926 per
630 839 760 909 seruire
776 840 927 909 secondo
941 840 974 906 le
988 860 1053 907 sue
1066 842 1178 927 poche
1193 841 1286 906 sorze
1302 860 1322 906 a
1338 841 1416 908 VV.
1434 840 1538 921 Srie,
1559 840 1583 907 il
1596 850 1609 881 ⁰

379 956 452 1021 ·che
467 954 524 1021 noi
547 956 627 1021 tutti
649 955 861 1024 desideramo
882 956 934 1024 iar
952 979 973 1023 a
988 954 1098 1043 gloria
1119 956 1153 1022 d'
1177 951 1273 1021 iddio
1289 957 1333 1023 N.
1359 957 1413 1035 8.;
1431 956 1486 1022 cui
1502 956 1608 1043 gratia

387 1091 521 1158 sempre
536 1071 634 1158 regni
650 1072 730 1138 nelli
749 1071 856 1139 nostri
877 1071 973 1139 cuori
991 1082 1028 1139 et
1048 1071 1080 1138 ci
1102 1071 1211 1139 faccia
1234 1070 1362 1139 sentire
1383 1081 1421 1139 et
1441 1071 1607 1159 adempire
1729 1157 1731 1160 Ι

378 1205 448 1254 sua
462 1186 657 1255 santissima
676 1188 828 1257 uoluntit.

451 1302 505 1371 De
521 1305 631 1371 Roma
651 1305 690 1371 16
706 1304 741 1369 di
756 1306 949 1373 Settembre
970 1320 1067 1392 1553.

451 1420 648 1505 Inscriptio.
669 1421 735 1487 Per
750 1420 910 1489 Genoua.
929 1424 996 1490 Per
1008 1425 1110 1490 Mtr0.
1126 1422 1297 1490 Thomaso
1309 1420 1451 1509 Spinoia
1460 1432 1497 1487 et
1508 1422 1537 1487 F
1538 1442 1608 1486 ran-

383 1553 489 1601 nesco
505 1535 685 1603 Cattaneo.

454 1688 538 1753 Post
552 1687 682 1756 scritta.
700 1690 771 1775 Qui
789 1711 836 1759 ua
855 1710 926 1757 una
945 1690 1066 1759 lettera
1086 1711 1147 1777 per
1165 1690 1188 1755 ii
1210 1690 1441 1756 conseruador
1461 1689 1506 1755 de
1522 1688 1606 1755 Ara·

380 1822 458 1887 gon
479 1804 491 1837 ⁸
512 1812 548 1870 et
570 1804 752 1871 secretario
773 1805 875 1875 des.
898 1807 962 1887 M„
986 1808 1079 1872 buon
1100 1804 1315 1892 gentilhomo
1330 1814 1366 1873 et
1383 1805 1487 1870 molto
1504 1802 1607 1869 amico
1729 1831 1731 1870 ι

387 1928 516 1998 nostro,
534 1929 569 1985 et
585 1928 717 2006 aspetta
733 1920 929 2007 oportunitd
944 1901 988 1991 de
1003 1932 1116 2008 potter
1135 1942 1256 2008 passar
1272 1920 1307 1988 in
1327 1922 1470 2007 Spagna
1484 1918 1520 1984 in
1536 1940 1608 1985 casa
1729 1881 1731 1980 i

380 2030 429 2099 de
448 2036 551 2101 Mtto.
574 2036 726 2122 Raphael
749 2036 892 2104 Pinello.
916 2038 1030 2106 Credo
1048 2037 1190 2105 haueria
1209 2058 1230 2103 a
1250 2036 1364 2123 piacet
1386 2038 1431 2103 V.
1454 2034 1543 2105 Stia.
1568 2035 1606 2101 de
1729 2097 1731 2122 ,

388 2151 586 2219 conoscerlo
601 2162 636 2219 et
651 2150 883 2220 conuersarlo.
902 2153 952 2221 La
968 2151 1100 2240 suplico
1115 2152 1140 2218 li
1156 2152 1265 2220 faccia
1279 2152 1341 2219 dar
1363 2150 1398 2217 in
1424 2172 1527 2217 mano
1550 2170 1607 2216 sua
1729 2149 1731 2256 ξ

383 2262 484 2332 detta
500 2264 632 2334 lettera.

453 2380 498 2447 In
514 2384 690 2466 margine.
711 2382 879 2469 Agiunto.

948 2537 1055 2620 3748

558 2678 699 2747 PATRI
723 2681 939 2749 ADRIANO
963 2682 1177 2774 CANDlDO
1204 2682 1266 2749 EX
1290 2682 1444 2749 COMM.

768 2816 856 2861 noun
872 2804 906 2861 16
917 2818 1114 2863 snrrnunms
1128 2805 1198 2877 1553
1212 2807 1233 2863 ¹.

385 2908 511 2969 Gaudet
522 2916 735 2971 socios-melius
748 2916 850 2973 valere
859 2915 1002 2988 jubetque
1016 2934 1085 2972 cum
1102 2914 1217 2971 medico
1234 2914 1374 2987 conferre
1392 2917 1498 2968 utrum
1510 2910 1606 2967 baim

440 3008 503 3081 ipse
525 3024 636 3061 usurus
656 3006 815 3075 sih-Qua
836 3006 957 3063 ratione
978 3008 1019 3062 aa
1038 3024 1106 3062 suos
1126 3006 1256 3062 scribere
1273 3005 1364 3060 iilum
1385 2998 1607 3076 oporteat-Do

440 3094 551 3151 litteris
563 3094 834 3167 quadrimestribus
847 3096 1105 3158 scribendo-De
1117 3094 1336 3151 salubrioribus
1351 3093 1477 3148 aedibus
1487 3091 1606 3148 incolan-
1729 3073 1731 3112 Ι

439 3186 580 3243 din—De
593 3186 796 3241 instaurando
807 3186 979 3241 idiotarum
990 3184 1269 3241 curriculo-Posi
1277 3183 1437 3253 scriptum.

456 3392 530 3459 Pax
545 3390 603 3459 X.¹
951 3305 1048 3392 μὴ·

455 3507 665 3576 Charissimo
680 3508 716 3574 in
732 3506 798 3576 X.⁰
816 3510 857 3578 P.
875 3510 978 3577 Mtr0.
998 3508 1152 3576 Adriano
1167 3509 1194 3573 ¹.

456 3622 690 3692 Rieeue'ssimo
705 3624 818 3709 quella
833 3625 877 3692 de
893 3624 914 3690 8
930 3624 987 3691 del
1002 3635 1172 3709 presente,
1191 3624 1234 3690 de
1251 3624 1295 3690 V.
1313 3624 1371 3702 R.‚
1388 3633 1425 3688 et
1439 3620 1606 3688 intenden-

387 3738 475 3805 simo
495 3738 573 3809 dell'
594 3761 687 3807 esser
706 3739 786 3809 delli
813 3739 934 3821 nostri,
960 3750 996 3806 et
1015 3738 1237 3827 ringratiamo
1263 3736 1360 3805 Iddio
1388 3738 1430 3805 N.
1458 3738 1497 3807 S.
1524 3734 1606 3804 ddla

385 3853 659 3923 conualestentia
672 3856 715 3923 de
727 3855 820 3937 tutti,
834 3866 870 3923 et
880 3856 969 3924 delle
982 3854 1072 3922 forse
1087 3852 1192 3921 chesi
1205 3866 1327 3920 truoua
1344 3854 1388 3922 V.
1404 3855 1446 3920 R.
1461 3868 1606 3920 crescere

323 4064 326 4071 .
393 3970 482 4037 nelle
498 3970 624 4039 fatiche
639 3970 694 4057 pie
710 3972 766 4041 del
781 3970 900 4039 diuino
915 3969 1081 4058 seruigio.

392 4108 604 4121 ——ss

445 4180 457 4209 c
495 4166 524 4221 in
536 4186 595 4224 ms.

442 4343 455 4377 ⁸
491 4346 621 4417 Joannes
633 4346 803 4404 Ludovicus
816 4348 967 4405 Gonznlez
983 4348 1021 4402 de
1037 4348 1247 4419 Viilasimplez.
1269 4346 1344 4402 Vide
1362 4348 1515 4418 epistolam
1531 4341 1604 4410 3756.

444 4490 453 4523 ¹
492 4490 536 4545 Ex
548 4490 651 4546 codice
667 4492 784 4565 Rogati.
801 4490 825 4561 1,
838 4491 889 4549 iol.
904 4506 964 4561 27r.

444 4584 455 4613 ²
494 4578 640 4635 Adrianus
654 4580 815 4651 Candidus,
830 4580 1057 4653 antuerpiensis,
1072 4581 1103 4635 in
1115 4579 1295 4634 Societatem
1314 4578 1436 4633 Partsiis
1452 4594 1526 4633 anno
1543 4588 1604 4645 1550

387 4668 549 4741 admissus,
562 4670 685 4727 Lovanii
698 4671 774 4727 obiit
785 4686 862 4727 anno
875 4682 955 4739 1557.
970 4669 1152 4739 Porticus,
1170 4670 1293 4732 chron,
1308 4670 1363 4739 111,
1378 4671 1442 4739 146.
