<?xml version="1.0" encoding="UTF-8"?>
<!DOCTYPE html PUBLIC "-//W3C//DTD XHTML 1.0 Transitional//EN"
    "http://www.w3.org/TR/xhtml1/DTD/xhtml1-transitional.dtd">
<html xmlns="http://www.w3.org/1999/xhtml" xml:lang="en" lang="en">
 <head>
  <title>
</title>
<meta http-equiv="Content-Type" content="text/html;charset=utf-8" />
  <meta name='ocr-system' content='tesseract 3.04.00' />
  <meta name='ocr-capabilities' content='ocr_page ocr_carea ocr_par ocr_line ocrx_word'/>
</head>
<body>
  <div class='ocr_page' id='page_1' title='image "./monumentaignati02ignagoog_0395.png"; bbox 0 0 3567 5409; ppageno 0'>
   <div class='ocr_carea' id='block_1_1' title="bbox 519 502 1374 603">
    <p class='ocr_par' dir='ltr' id='par_1_1' title="bbox 519 502 1374 603">
     <span class='ocr_line' id='line_1_1' title="bbox 519 502 1374 603; baseline 0 -18"><span class='ocrx_word' id='word_1_1' title='bbox 519 531 624 587; x_wconf 72' lang='lat' dir='ltr'>Earsr.</span> <span class='ocrx_word' id='word_1_2' title='bbox 642 528 798 599; x_wconf 55' lang='lat' dir='ltr'>rosa-23</span> <span class='ocrx_word' id='word_1_3' title='bbox 815 530 961 588; x_wconf 78' lang='lat' dir='ltr'>Aucusrr</span> <span class='ocrx_word' id='word_1_4' title='bbox 981 527 1051 601; x_wconf 84' lang='lat'>1553</span> <span class='ocrx_word' id='word_1_5' title='bbox 1312 502 1374 603; x_wconf 76' lang='grc' dir='ltr'>389Ι</span> 
     </span>
    </p>
   </div>
   <div class='ocr_carea' id='block_1_2' title="bbox 155 682 1443 4341">
    <p class='ocr_par' dir='ltr' id='par_1_2' title="bbox 178 682 1443 1233">
     <span class='ocr_line' id='line_1_2' title="bbox 182 682 1400 773; baseline 0.003 -24"><span class='ocrx_word' id='word_1_6' title='bbox 182 682 356 751; x_wconf 82' lang='lat' dir='ltr'>extendere</span> <span class='ocrx_word' id='word_1_7' title='bbox 371 694 486 769; x_wconf 79' lang='lat' dir='ltr'>potest</span> <span class='ocrx_word' id='word_1_8' title='bbox 499 684 544 753; x_wconf 89' lang='lat' dir='ltr'>ad</span> <span class='ocrx_word' id='word_1_9' title='bbox 558 682 858 771; x_wconf 84' lang='lat' dir='ltr'>irregularitatem:</span> <span class='ocrx_word' id='word_1_10' title='bbox 875 694 911 751; x_wconf 94' lang='lat' dir='ltr'>et</span> <span class='ocrx_word' id='word_1_11' title='bbox 931 686 1020 751; x_wconf 90' lang='lat' dir='ltr'>banc</span> <span class='ocrx_word' id='word_1_12' title='bbox 1041 683 1147 753; x_wconf 82' lang='lat' dir='ltr'>ruisse</span> <span class='ocrx_word' id='word_1_13' title='bbox 1169 696 1320 755; x_wconf 84' lang='lat' dir='ltr'><strong>mentem</strong></span> <span class='ocrx_word' id='word_1_14' title='bbox 1336 706 1400 773; x_wconf 88' lang='lat' dir='ltr'>pe·</span> 
     </span>
     <span class='ocr_line' id='line_1_3' title="bbox 184 797 1443 889; baseline 0.002 -22"><span class='ocrx_word' id='word_1_15' title='bbox 184 797 318 867; x_wconf 71' lang='lat' dir='ltr'>rentium</span> <span class='ocrx_word' id='word_1_16' title='bbox 333 808 369 866; x_wconf 90' lang='lat' dir='ltr'>et</span> <span class='ocrx_word' id='word_1_17' title='bbox 388 799 611 867; x_wconf 70' lang='lat' dir='ltr'><strong>concedentis</strong></span> <span class='ocrx_word' id='word_1_18' title='bbox 629 798 804 887; x_wconf 89' lang='lat' dir='ltr'>pontificis</span> <span class='ocrx_word' id='word_1_19' title='bbox 823 798 993 869; x_wconf 85' lang='lat' dir='ltr'>existimo.</span> <span class='ocrx_word' id='word_1_20' title='bbox 1020 801 1163 880; x_wconf 86' lang='lat' dir='ltr'>Tamen,</span> <span class='ocrx_word' id='word_1_21' title='bbox 1187 811 1224 867; x_wconf 89' lang='lat' dir='ltr'>vt</span> <span class='ocrx_word' id='word_1_22' title='bbox 1244 800 1399 889; x_wconf 88' lang='lat' dir='ltr'>disputa·</span> <span class='ocrx_word' id='word_1_23' title='bbox 1440 830 1443 845; x_wconf 89' lang='lat'><em>·</em></span> 
     </span>
     <span class='ocr_line' id='line_1_4' title="bbox 182 914 1399 996; baseline 0.002 -15"><span class='ocrx_word' id='word_1_24' title='bbox 182 914 259 981; x_wconf 87' lang='lat' dir='ltr'>tioni</span> <span class='ocrx_word' id='word_1_25' title='bbox 272 916 369 982; x_wconf 88' lang='lat' dir='ltr'>locus</span> <span class='ocrx_word' id='word_1_26' title='bbox 382 936 456 982; x_wconf 87' lang='lat' dir='ltr'>non</span> <span class='ocrx_word' id='word_1_27' title='bbox 470 924 574 996; x_wconf 77' lang='lat' dir='ltr'>esset,</span> <span class='ocrx_word' id='word_1_28' title='bbox 584 915 629 981; x_wconf 66' lang='lat' dir='ltr'>⁴in</span> <span class='ocrx_word' id='word_1_29' title='bbox 643 936 727 982; x_wconf 84' lang='lat' dir='ltr'>casu</span> <span class='ocrx_word' id='word_1_30' title='bbox 741 916 924 983; x_wconf 84' lang='lat' dir='ltr'>haereseos</span> <span class='ocrx_word' id='word_1_31' title='bbox 939 914 1038 982; x_wconf 89' lang='lat' dir='ltr'>nobis</span> <span class='ocrx_word' id='word_1_32' title='bbox 1057 936 1260 985; x_wconf 86' lang='lat' dir='ltr'>concessum</span> <span class='ocrx_word' id='word_1_33' title='bbox 1281 928 1334 986; x_wconf 86' lang='lat' dir='ltr'>est</span> <span class='ocrx_word' id='word_1_34' title='bbox 1355 918 1399 984; x_wconf 92' lang='lat' dir='ltr'>ab</span> 
     </span>
     <span class='ocr_line' id='line_1_5' title="bbox 178 1028 1401 1119; baseline 0.003 -22"><span class='ocrx_word' id='word_1_35' title='bbox 178 1029 340 1097; x_wconf 67' lang='lat' dir='ltr'>asmodi</span> <span class='ocrx_word' id='word_1_36' title='bbox 354 1028 505 1117; x_wconf 86' lang='lat' dir='ltr'>peccatis</span> <span class='ocrx_word' id='word_1_37' title='bbox 519 1042 555 1097; x_wconf 89' lang='lat' dir='ltr'>et</span> <span class='ocrx_word' id='word_1_38' title='bbox 570 1030 861 1117; x_wconf 79' lang='lat' dir='ltr'>consequentibus</span> <span class='ocrx_word' id='word_1_39' title='bbox 876 1030 1031 1100; x_wconf 86' lang='lat' dir='ltr'>censuris</span> <span class='ocrx_word' id='word_1_40' title='bbox 1045 1032 1236 1112; x_wconf 86' lang='lat' dir='ltr'>absoluere,</span> <span class='ocrx_word' id='word_1_41' title='bbox 1254 1043 1302 1115; x_wconf 90' lang='lat' dir='ltr'>et,</span> <span class='ocrx_word' id='word_1_42' title='bbox 1317 1054 1401 1119; x_wconf 79' lang='lat' dir='ltr'>qua-</span> 
     </span>
     <span class='ocr_line' id='line_1_6' title="bbox 178 1146 1351 1233; baseline 0.002 -18"><span class='ocrx_word' id='word_1_43' title='bbox 178 1154 274 1215; x_wconf 80' lang='lat' dir='ltr'>tenus</span> <span class='ocrx_word' id='word_1_44' title='bbox 287 1166 375 1232; x_wconf 87' lang='lat' dir='ltr'>opus</span> <span class='ocrx_word' id='word_1_45' title='bbox 388 1157 493 1227; x_wconf 63' lang='lat' dir='ltr'>emet,</span> <span class='ocrx_word' id='word_1_46' title='bbox 511 1146 709 1233; x_wconf 86' lang='lat' dir='ltr'>dispensare</span> <span class='ocrx_word' id='word_1_47' title='bbox 724 1167 829 1232; x_wconf 88' lang='lat' dir='ltr'>super</span> <span class='ocrx_word' id='word_1_48' title='bbox 840 1146 1093 1233; x_wconf 82' lang='lat' dir='ltr'>irregularitate</span> <span class='ocrx_word' id='word_1_49' title='bbox 1104 1159 1351 1233; x_wconf 85' lang='lat' dir='ltr'>consequente.</span> 
     </span>
    </p>

    <p class='ocr_par' dir='ltr' id='par_1_3' title="bbox 171 1261 1398 1679">
     <span class='ocr_line' id='line_1_7' title="bbox 239 1261 1397 1348; baseline 0.002 -19"><span class='ocrx_word' id='word_1_50' title='bbox 239 1261 404 1348; x_wconf 79' lang='lat' dir='ltr'>Magister</span> <span class='ocrx_word' id='word_1_51' title='bbox 418 1262 656 1331; x_wconf 82' lang='lat' dir='ltr'>Theodericus</span> <span class='ocrx_word' id='word_1_52' title='bbox 671 1264 684 1298; x_wconf 84' lang='lat'>⁸</span> <span class='ocrx_word' id='word_1_53' title='bbox 700 1284 769 1329; x_wconf 90' lang='lat' dir='ltr'>non</span> <span class='ocrx_word' id='word_1_54' title='bbox 791 1262 938 1331; x_wconf 87' lang='lat' dir='ltr'>libenter</span> <span class='ocrx_word' id='word_1_55' title='bbox 953 1262 1144 1330; x_wconf 91' lang='lat' dir='ltr'>Louanium</span> <span class='ocrx_word' id='word_1_56' title='bbox 1161 1263 1301 1346; x_wconf 87' lang='lat' dir='ltr'>rediret,</span> <span class='ocrx_word' id='word_1_57' title='bbox 1319 1286 1397 1331; x_wconf 90' lang='lat' dir='ltr'>nam</span> 
     </span>
     <span class='ocr_line' id='line_1_8' title="bbox 174 1376 1397 1465; baseline 0.005 -23"><span class='ocrx_word' id='word_1_58' title='bbox 174 1376 264 1463; x_wconf 85' lang='lat' dir='ltr'>apud</span> <span class='ocrx_word' id='word_1_59' title='bbox 278 1398 342 1444; x_wconf 90' lang='lat' dir='ltr'>nos</span> <span class='ocrx_word' id='word_1_60' title='bbox 357 1378 513 1446; x_wconf 88' lang='lat' dir='ltr'>securius</span> <span class='ocrx_word' id='word_1_61' title='bbox 527 1377 696 1465; x_wconf 83' lang='lat' dir='ltr'>profectui</span> <span class='ocrx_word' id='word_1_62' title='bbox 711 1377 851 1463; x_wconf 88' lang='lat' dir='ltr'>spiritus</span> <span class='ocrx_word' id='word_1_63' title='bbox 867 1378 1003 1446; x_wconf 88' lang='lat' dir='ltr'>vacabit</span> <span class='ocrx_word' id='word_1_64' title='bbox 1018 1389 1053 1445; x_wconf 89' lang='lat' dir='ltr'>et</span> <span class='ocrx_word' id='word_1_65' title='bbox 1065 1400 1198 1446; x_wconf 87' lang='lat' dir='ltr'>summa</span> <span class='ocrx_word' id='word_1_66' title='bbox 1210 1400 1289 1447; x_wconf 88' lang='lat' dir='ltr'>cum</span> <span class='ocrx_word' id='word_1_67' title='bbox 1302 1400 1397 1447; x_wconf 91' lang='lat' dir='ltr'>com·</span> 
     </span>
     <span class='ocr_line' id='line_1_9' title="bbox 173 1491 1398 1581; baseline 0.004 -22"><span class='ocrx_word' id='word_1_68' title='bbox 173 1491 333 1561; x_wconf 80' lang='lat' dir='ltr'>moditate</span> <span class='ocrx_word' id='word_1_69' title='bbox 350 1492 547 1580; x_wconf 86' lang='lat' dir='ltr'>theologiae</span> <span class='ocrx_word' id='word_1_70' title='bbox 566 1493 684 1561; x_wconf 89' lang='lat' dir='ltr'>studio</span> <span class='ocrx_word' id='word_1_71' title='bbox 704 1493 800 1561; x_wconf 88' lang='lat' dir='ltr'>dabit</span> <span class='ocrx_word' id='word_1_72' title='bbox 819 1516 970 1581; x_wconf 83' lang='lat' dir='ltr'>operam.</span> <span class='ocrx_word' id='word_1_73' title='bbox 994 1495 1095 1563; x_wconf 87' lang='lat' dir='ltr'>Valet</span> <span class='ocrx_word' id='word_1_74' title='bbox 1111 1494 1145 1561; x_wconf 93' lang='lat' dir='ltr'>in</span> <span class='ocrx_word' id='word_1_75' title='bbox 1167 1506 1313 1580; x_wconf 88' lang='lat' dir='ltr'>vtroque</span> <span class='ocrx_word' id='word_1_76' title='bbox 1334 1498 1398 1564; x_wconf 90' lang='lat' dir='ltr'>ho·</span> 
     </span>
     <span class='ocr_line' id='line_1_10' title="bbox 171 1608 797 1679; baseline 0.008 -5"><span class='ocrx_word' id='word_1_77' title='bbox 171 1608 260 1676; x_wconf 88' lang='lat' dir='ltr'>mine</span> <span class='ocrx_word' id='word_1_78' title='bbox 275 1620 311 1675; x_wconf 88' lang='lat' dir='ltr'>et</span> <span class='ocrx_word' id='word_1_79' title='bbox 326 1608 454 1679; x_wconf 84' lang='lat' dir='ltr'>scribet</span> <span class='ocrx_word' id='word_1_80' title='bbox 469 1610 514 1676; x_wconf 92' lang='lat' dir='ltr'>ad</span> <span class='ocrx_word' id='word_1_81' title='bbox 528 1630 612 1677; x_wconf 87' lang='lat' dir='ltr'>suos</span> <span class='ocrx_word' id='word_1_82' title='bbox 625 1608 797 1679; x_wconf 92' lang='lat' dir='ltr'>nonnihil.</span> 
     </span>
    </p>

    <p class='ocr_par' dir='ltr' id='par_1_4' title="bbox 169 1724 1395 2025">
     <span class='ocr_line' id='line_1_11' title="bbox 236 1724 1395 1813; baseline 0.001 -20"><span class='ocrx_word' id='word_1_83' title='bbox 236 1727 289 1793; x_wconf 93' lang='lat' dir='ltr'>De</span> <span class='ocrx_word' id='word_1_84' title='bbox 303 1724 508 1812; x_wconf 88' lang='lat' dir='ltr'>priuilegiis,</span> <span class='ocrx_word' id='word_1_85' title='bbox 526 1738 565 1793; x_wconf 89' lang='lat' dir='ltr'>ut</span> <span class='ocrx_word' id='word_1_86' title='bbox 587 1725 765 1795; x_wconf 90' lang='lat' dir='ltr'>subiacere</span> <span class='ocrx_word' id='word_1_87' title='bbox 785 1748 855 1794; x_wconf 88' lang='lat' dir='ltr'>non</span> <span class='ocrx_word' id='word_1_88' title='bbox 875 1736 1030 1813; x_wconf 90' lang='lat' dir='ltr'>oporteat</span> <span class='ocrx_word' id='word_1_89' title='bbox 1050 1724 1221 1813; x_wconf 87' lang='lat' dir='ltr'>episcopis</span> <span class='ocrx_word' id='word_1_90' title='bbox 1242 1726 1296 1795; x_wconf 88' lang='lat' dir='ltr'>vel</span> <span class='ocrx_word' id='word_1_91' title='bbox 1318 1726 1395 1795; x_wconf 90' lang='lat' dir='ltr'>uni-</span> 
     </span>
     <span class='ocr_line' id='line_1_12' title="bbox 169 1840 1395 1929; baseline 0.005 -26"><span class='ocrx_word' id='word_1_92' title='bbox 169 1840 323 1908; x_wconf 86' lang='lat' dir='ltr'>versitati</span> <span class='ocrx_word' id='word_1_93' title='bbox 338 1852 365 1922; x_wconf 81' lang='lat'>⁸,</span> <span class='ocrx_word' id='word_1_94' title='bbox 382 1840 560 1908; x_wconf 84' lang='lat' dir='ltr'>curabitur</span> <span class='ocrx_word' id='word_1_95' title='bbox 576 1852 614 1909; x_wconf 89' lang='lat' dir='ltr'>ut</span> <span class='ocrx_word' id='word_1_96' title='bbox 629 1840 739 1927; x_wconf 91' lang='lat' dir='ltr'>primo</span> <span class='ocrx_word' id='word_1_97' title='bbox 759 1862 898 1929; x_wconf 91' lang='lat' dir='ltr'>quoque</span> <span class='ocrx_word' id='word_1_98' title='bbox 920 1852 1073 1929; x_wconf 90' lang='lat' dir='ltr'>tempore</span> <span class='ocrx_word' id='word_1_99' title='bbox 1093 1853 1289 1929; x_wconf 90' lang='lat' dir='ltr'>opportuno</span> <span class='ocrx_word' id='word_1_100' title='bbox 1304 1843 1395 1909; x_wconf 89' lang='lat' dir='ltr'>obti-</span> 
     </span>
     <span class='ocr_line' id='line_1_13' title="bbox 169 1966 327 2025; baseline -0.013 0"><span class='ocrx_word' id='word_1_101' title='bbox 169 1966 327 2025; x_wconf 82' lang='lat' dir='ltr'>neantur.</span> 
     </span>
    </p>

    <p class='ocr_par' dir='ltr' id='par_1_5' title="bbox 166 2071 1396 2623">
     <span class='ocr_line' id='line_1_14' title="bbox 231 2071 1396 2161; baseline 0.002 -22"><span class='ocrx_word' id='word_1_102' title='bbox 231 2072 287 2139; x_wconf 83' lang='lat' dir='ltr'>De</span> <span class='ocrx_word' id='word_1_103' title='bbox 303 2074 345 2139; x_wconf 89' lang='lat' dir='ltr'>P.</span> <span class='ocrx_word' id='word_1_104' title='bbox 363 2071 534 2158; x_wconf 81' lang='lat' dir='ltr'>Quintino</span> <span class='ocrx_word' id='word_1_105' title='bbox 548 2075 561 2109; x_wconf 81' lang='lat'><em>⁰</em></span> <span class='ocrx_word' id='word_1_106' title='bbox 577 2072 699 2161; x_wconf 83' lang='lat' dir='ltr'>scripsi</span> <span class='ocrx_word' id='word_1_107' title='bbox 714 2076 763 2159; x_wconf 89' lang='lat' dir='ltr'>(vt</span> <span class='ocrx_word' id='word_1_108' title='bbox 782 2072 914 2160; x_wconf 90' lang='lat' dir='ltr'>opinor)</span> <span class='ocrx_word' id='word_1_109' title='bbox 930 2076 1023 2159; x_wconf 88' lang='lat' dir='ltr'>quod</span> <span class='ocrx_word' id='word_1_110' title='bbox 1039 2095 1146 2159; x_wconf 81' lang='lat' dir='ltr'>usque</span> <span class='ocrx_word' id='word_1_111' title='bbox 1169 2075 1213 2141; x_wconf 90' lang='lat' dir='ltr'>ad</span> <span class='ocrx_word' id='word_1_112' title='bbox 1233 2074 1396 2143; x_wconf 88' lang='lat' dir='ltr'>Martium</span> 
     </span>
     <span class='ocr_line' id='line_1_15' title="bbox 169 2187 1396 2277; baseline 0.002 -24"><span class='ocrx_word' id='word_1_113' title='bbox 169 2210 240 2255; x_wconf 91' lang='lat' dir='ltr'>non</span> <span class='ocrx_word' id='word_1_114' title='bbox 257 2187 513 2274; x_wconf 82' lang='lat' dir='ltr'>proficiscetur3</span> <span class='ocrx_word' id='word_1_115' title='bbox 530 2200 566 2255; x_wconf 92' lang='lat' dir='ltr'>et</span> <span class='ocrx_word' id='word_1_116' title='bbox 585 2188 755 2256; x_wconf 90' lang='lat' dir='ltr'>Dominus</span> <span class='ocrx_word' id='word_1_117' title='bbox 775 2188 810 2255; x_wconf 94' lang='lat' dir='ltr'>id</span> <span class='ocrx_word' id='word_1_118' title='bbox 830 2188 966 2257; x_wconf 88' lang='lat' dir='ltr'>videtur</span> <span class='ocrx_word' id='word_1_119' title='bbox 985 2189 1195 2277; x_wconf 86' lang='lat' dir='ltr'>disposuisse</span> <span class='ocrx_word' id='word_1_120' title='bbox 1216 2212 1260 2257; x_wconf 84' lang='lat' dir='ltr'>ne</span> <span class='ocrx_word' id='word_1_121' title='bbox 1282 2189 1318 2255; x_wconf 95' lang='lat' dir='ltr'>in</span> <span class='ocrx_word' id='word_1_122' title='bbox 1339 2190 1396 2256; x_wconf 90' lang='lat' dir='ltr'>iti·</span> 
     </span>
     <span class='ocr_line' id='line_1_16' title="bbox 168 2302 1396 2394; baseline 0.002 -23"><span class='ocrx_word' id='word_1_123' title='bbox 168 2325 251 2371; x_wconf 87' lang='lat' dir='ltr'>nere</span> <span class='ocrx_word' id='word_1_124' title='bbox 266 2303 303 2369; x_wconf 92' lang='lat' dir='ltr'>in</span> <span class='ocrx_word' id='word_1_125' title='bbox 320 2302 574 2394; x_wconf 51' lang='lat' dir='ltr'>infirmitatum]</span> <span class='ocrx_word' id='word_1_126' title='bbox 589 2304 768 2385; x_wconf 87' lang='lat' dir='ltr'>incideret,</span> <span class='ocrx_word' id='word_1_127' title='bbox 790 2304 826 2371; x_wconf 91' lang='lat' dir='ltr'>in</span> <span class='ocrx_word' id='word_1_128' title='bbox 841 2326 945 2391; x_wconf 87' lang='lat' dir='ltr'>quam</span> <span class='ocrx_word' id='word_1_129' title='bbox 962 2313 1075 2373; x_wconf 89' lang='lat' dir='ltr'>tamen</span> <span class='ocrx_word' id='word_1_130' title='bbox 1090 2304 1187 2373; x_wconf 89' lang='lat' dir='ltr'>hisce</span> <span class='ocrx_word' id='word_1_131' title='bbox 1203 2305 1325 2373; x_wconf 90' lang='lat' dir='ltr'>diebus</span> <span class='ocrx_word' id='word_1_132' title='bbox 1339 2304 1396 2373; x_wconf 89' lang='lat' dir='ltr'>in-</span> 
     </span>
     <span class='ocr_line' id='line_1_17' title="bbox 166 2418 1395 2506; baseline 0.003 -21"><span class='ocrx_word' id='word_1_133' title='bbox 166 2418 262 2485; x_wconf 86' lang='lat' dir='ltr'>cidit.</span> <span class='ocrx_word' id='word_1_134' title='bbox 282 2418 408 2489; x_wconf 84' lang='lat' dir='ltr'>Melius</span> <span class='ocrx_word' id='word_1_135' title='bbox 425 2432 540 2487; x_wconf 87' lang='lat' dir='ltr'>tamen</span> <span class='ocrx_word' id='word_1_136' title='bbox 555 2420 623 2487; x_wconf 88' lang='lat' dir='ltr'>iam</span> <span class='ocrx_word' id='word_1_137' title='bbox 644 2420 760 2502; x_wconf 89' lang='lat' dir='ltr'>habet,</span> <span class='ocrx_word' id='word_1_138' title='bbox 783 2430 819 2489; x_wconf 90' lang='lat' dir='ltr'>et</span> <span class='ocrx_word' id='word_1_139' title='bbox 839 2442 909 2487; x_wconf 91' lang='lat' dir='ltr'>non</span> <span class='ocrx_word' id='word_1_140' title='bbox 930 2420 1145 2506; x_wconf 89' lang='lat' dir='ltr'>profitebitur</span> <span class='ocrx_word' id='word_1_141' title='bbox 1166 2423 1308 2503; x_wconf 87' lang='lat' dir='ltr'>Romae,</span> <span class='ocrx_word' id='word_1_142' title='bbox 1334 2424 1395 2489; x_wconf 87' lang='lat' dir='ltr'>sed</span> 
     </span>
     <span class='ocr_line' id='line_1_18' title="bbox 166 2534 632 2623; baseline 0.011 -23"><span class='ocrx_word' id='word_1_143' title='bbox 166 2536 217 2623; x_wconf 88' lang='lat' dir='ltr'>(ut</span> <span class='ocrx_word' id='word_1_144' title='bbox 231 2535 348 2622; x_wconf 83' lang='lat' dir='ltr'>spero)</span> <span class='ocrx_word' id='word_1_145' title='bbox 362 2536 485 2603; x_wconf 89' lang='lat' dir='ltr'>doctor</span> <span class='ocrx_word' id='word_1_146' title='bbox 495 2534 632 2605; x_wconf 89' lang='lat' dir='ltr'>redibit.</span> 
     </span>
    </p>

    <p class='ocr_par' dir='ltr' id='par_1_6' title="bbox 155 2652 1395 4341">
     <span class='ocr_line' id='line_1_19' title="bbox 230 2652 1394 2739; baseline 0.002 -20"><span class='ocrx_word' id='word_1_147' title='bbox 230 2652 287 2719; x_wconf 90' lang='lat' dir='ltr'>De</span> <span class='ocrx_word' id='word_1_148' title='bbox 304 2653 398 2738; x_wconf 87' lang='lat' dir='ltr'>Mag.</span> <span class='ocrx_word' id='word_1_149' title='bbox 412 2654 545 2739; x_wconf 89' lang='lat' dir='ltr'>Jacoho</span> <span class='ocrx_word' id='word_1_150' title='bbox 559 2654 585 2688; x_wconf 83' lang='lat'>¹⁰</span> <span class='ocrx_word' id='word_1_151' title='bbox 597 2653 704 2721; x_wconf 86' lang='lat' dir='ltr'>multa</span> <span class='ocrx_word' id='word_1_152' title='bbox 716 2652 783 2719; x_wconf 89' lang='lat' dir='ltr'>dici</span> <span class='ocrx_word' id='word_1_153' title='bbox 796 2664 949 2739; x_wconf 88' lang='lat' dir='ltr'>possent;</span> <span class='ocrx_word' id='word_1_154' title='bbox 963 2654 1023 2721; x_wconf 92' lang='lat' dir='ltr'>sed</span> <span class='ocrx_word' id='word_1_155' title='bbox 1037 2675 1081 2721; x_wconf 86' lang='lat' dir='ltr'>ne</span> <span class='ocrx_word' id='word_1_156' title='bbox 1092 2652 1267 2721; x_wconf 90' lang='lat' dir='ltr'>historiam</span> <span class='ocrx_word' id='word_1_157' title='bbox 1282 2664 1394 2723; x_wconf 83' lang='lat' dir='ltr'>texam</span> 
     </span>
     <span class='ocr_line' id='line_1_20' title="bbox 165 2766 1394 2855; baseline 0.003 -22"><span class='ocrx_word' id='word_1_158' title='bbox 165 2767 320 2852; x_wconf 85' lang='lat' dir='ltr'>longam,</span> <span class='ocrx_word' id='word_1_159' title='bbox 343 2766 438 2833; x_wconf 88' lang='lat' dir='ltr'>illum</span> <span class='ocrx_word' id='word_1_160' title='bbox 459 2766 615 2837; x_wconf 86' lang='lat' dir='ltr'>Viennae</span> <span class='ocrx_word' id='word_1_161' title='bbox 634 2767 813 2835; x_wconf 88' lang='lat' dir='ltr'>continere.</span> <span class='ocrx_word' id='word_1_162' title='bbox 839 2788 909 2834; x_wconf 88' lang='lat' dir='ltr'>non</span> <span class='ocrx_word' id='word_1_163' title='bbox 937 2779 1105 2855; x_wconf 88' lang='lat' dir='ltr'>poterant,</span> <span class='ocrx_word' id='word_1_164' title='bbox 1130 2768 1214 2855; x_wconf 90' lang='lat' dir='ltr'>quin</span> <span class='ocrx_word' id='word_1_165' title='bbox 1240 2771 1285 2837; x_wconf 90' lang='lat' dir='ltr'>ad</span> <span class='ocrx_word' id='word_1_166' title='bbox 1311 2792 1394 2837; x_wconf 88' lang='lat' dir='ltr'>suos</span> 
     </span>
     <span class='ocr_line' id='line_1_21' title="bbox 163 2880 1393 2971; baseline 0.006 -25"><span class='ocrx_word' id='word_1_167' title='bbox 163 2880 368 2951; x_wconf 89' lang='lat' dir='ltr'>inuisendos</span> <span class='ocrx_word' id='word_1_168' title='bbox 384 2882 520 2951; x_wconf 88' lang='lat' dir='ltr'>rediret.</span> <span class='ocrx_word' id='word_1_169' title='bbox 540 2884 611 2953; x_wconf 89' lang='lat' dir='ltr'>Sed</span> <span class='ocrx_word' id='word_1_170' title='bbox 628 2884 777 2964; x_wconf 85' lang='lat' dir='ltr'>tandem,</span> <span class='ocrx_word' id='word_1_171' title='bbox 794 2881 985 2950; x_wconf 88' lang='lat' dir='ltr'>rationibus</span> <span class='ocrx_word' id='word_1_172' title='bbox 997 2883 1122 2965; x_wconf 91' lang='lat' dir='ltr'>victus,</span> <span class='ocrx_word' id='word_1_173' title='bbox 1142 2886 1285 2953; x_wconf 89' lang='lat' dir='ltr'>Romam</span> <span class='ocrx_word' id='word_1_174' title='bbox 1296 2886 1393 2971; x_wconf 92' lang='lat' dir='ltr'>prius</span> 
     </span>
     <span class='ocr_line' id='line_1_22' title="bbox 161 2994 1395 3087; baseline 0.005 -26"><span class='ocrx_word' id='word_1_175' title='bbox 161 2996 283 3067; x_wconf 84' lang='lat' dir='ltr'>venire</span> <span class='ocrx_word' id='word_1_176' title='bbox 301 2998 420 3078; x_wconf 82' lang='lat' dir='ltr'>voluit,</span> <span class='ocrx_word' id='word_1_177' title='bbox 438 2996 496 3063; x_wconf 89' lang='lat' dir='ltr'>vbi</span> <span class='ocrx_word' id='word_1_178' title='bbox 512 2998 599 3065; x_wconf 89' lang='lat' dir='ltr'>nihil</span> <span class='ocrx_word' id='word_1_179' title='bbox 614 3020 684 3065; x_wconf 91' lang='lat' dir='ltr'>non</span> <span class='ocrx_word' id='word_1_180' title='bbox 705 3008 875 3067; x_wconf 84' lang='lat' dir='ltr'>tentatum</span> <span class='ocrx_word' id='word_1_181' title='bbox 897 3010 950 3066; x_wconf 87' lang='lat' dir='ltr'>est</span> <span class='ocrx_word' id='word_1_182' title='bbox 971 3010 1009 3065; x_wconf 92' lang='lat' dir='ltr'>ut</span> <span class='ocrx_word' id='word_1_183' title='bbox 1026 2998 1191 3084; x_wconf 90' lang='lat' dir='ltr'>juuenem</span> <span class='ocrx_word' id='word_1_184' title='bbox 1212 2999 1247 3065; x_wconf 92' lang='lat' dir='ltr'>in</span> <span class='ocrx_word' id='word_1_185' title='bbox 1270 2994 1395 3087; x_wconf 85' lang='lat' dir='ltr'>spiritu</span> 
     </span>
     <span class='ocr_line' id='line_1_23' title="bbox 160 3112 1391 3201; baseline 0.005 -24"><span class='ocrx_word' id='word_1_186' title='bbox 160 3112 375 3194; x_wconf 88' lang='lat' dir='ltr'>iuuaremus,</span> <span class='ocrx_word' id='word_1_187' title='bbox 392 3114 507 3200; x_wconf 89' lang='lat' dir='ltr'>quoad</span> <span class='ocrx_word' id='word_1_188' title='bbox 522 3113 597 3181; x_wconf 89' lang='lat' dir='ltr'>eius</span> <span class='ocrx_word' id='word_1_189' title='bbox 611 3113 686 3181; x_wconf 85' lang='lat' dir='ltr'>fieri</span> <span class='ocrx_word' id='word_1_190' title='bbox 708 3114 845 3200; x_wconf 81' lang='lat' dir='ltr'>poterit3</span> <span class='ocrx_word' id='word_1_191' title='bbox 870 3127 905 3183; x_wconf 84' lang='lat' dir='ltr'>et</span> <span class='ocrx_word' id='word_1_192' title='bbox 926 3126 964 3180; x_wconf 90' lang='lat' dir='ltr'>ut</span> <span class='ocrx_word' id='word_1_193' title='bbox 985 3114 1199 3201; x_wconf 87' lang='lat' dir='ltr'>erigeremus</span> <span class='ocrx_word' id='word_1_194' title='bbox 1221 3115 1295 3183; x_wconf 89' lang='lat' dir='ltr'>eius</span> <span class='ocrx_word' id='word_1_195' title='bbox 1316 3116 1391 3183; x_wconf 87' lang='lat' dir='ltr'>ani-</span> 
     </span>
     <span class='ocr_line' id='line_1_24' title="bbox 161 3229 1392 3317; baseline 0.001 -20"><span class='ocrx_word' id='word_1_196' title='bbox 161 3252 255 3297; x_wconf 88' lang='lat' dir='ltr'>mum</span> <span class='ocrx_word' id='word_1_197' title='bbox 274 3230 346 3316; x_wconf 89' lang='lat' dir='ltr'>(qui</span> <span class='ocrx_word' id='word_1_198' title='bbox 361 3230 545 3316; x_wconf 85' lang='lat' dir='ltr'>depressus</span> <span class='ocrx_word' id='word_1_199' title='bbox 566 3229 704 3299; x_wconf 84' lang='lat' dir='ltr'>tristitia</span> <span class='ocrx_word' id='word_1_200' title='bbox 723 3232 801 3317; x_wconf 91' lang='lat' dir='ltr'>plus</span> <span class='ocrx_word' id='word_1_201' title='bbox 821 3230 905 3297; x_wconf 89' lang='lat' dir='ltr'>satis</span> <span class='ocrx_word' id='word_1_202' title='bbox 925 3229 1117 3317; x_wconf 83' lang='lat' dir='ltr'>videbatur)</span> <span class='ocrx_word' id='word_1_203' title='bbox 1137 3230 1333 3299; x_wconf 85' lang='lat' dir='ltr'>curavimus</span> <span class='ocrx_word' id='word_1_204' title='bbox 1353 3245 1392 3299; x_wconf 93' lang='lat' dir='ltr'>ut</span> 
     </span>
     <span class='ocr_line' id='line_1_25' title="bbox 159 3344 1389 3433; baseline 0.003 -22"><span class='ocrx_word' id='word_1_205' title='bbox 159 3346 195 3411; x_wconf 87' lang='lat' dir='ltr'>in</span> <span class='ocrx_word' id='word_1_206' title='bbox 209 3344 365 3432; x_wconf 84' lang='lat' dir='ltr'>collegio</span> <span class='ocrx_word' id='word_1_207' title='bbox 379 3345 527 3432; x_wconf 90' lang='lat' dir='ltr'>logicam</span> <span class='ocrx_word' id='word_1_208' title='bbox 543 3346 695 3428; x_wconf 88' lang='lat' dir='ltr'>doceret,</span> <span class='ocrx_word' id='word_1_209' title='bbox 708 3347 900 3432; x_wconf 86' lang='lat' dir='ltr'>praeclaros</span> <span class='ocrx_word' id='word_1_210' title='bbox 912 3346 960 3413; x_wconf 93' lang='lat' dir='ltr'>illi</span> <span class='ocrx_word' id='word_1_211' title='bbox 972 3345 1157 3433; x_wconf 87' lang='lat' dir='ltr'>discipulos</span> <span class='ocrx_word' id='word_1_212' title='bbox 1168 3346 1389 3433; x_wconf 74' lang='lat' dir='ltr'>assignando</span> 
     </span>
     <span class='ocr_line' id='line_1_26' title="bbox 160 3460 1394 3548; baseline 0.003 -21"><span class='ocrx_word' id='word_1_213' title='bbox 160 3462 301 3529; x_wconf 83' lang='lat' dir='ltr'>Etcum</span> <span class='ocrx_word' id='word_1_214' title='bbox 317 3460 491 3529; x_wconf 90' lang='lat' dir='ltr'>videretur</span> <span class='ocrx_word' id='word_1_215' title='bbox 506 3482 635 3548; x_wconf 86' lang='lat' dir='ltr'>magno</span> <span class='ocrx_word' id='word_1_216' title='bbox 650 3462 821 3530; x_wconf 78' lang='lat' dir='ltr'>desiderio</span> <span class='ocrx_word' id='word_1_217' title='bbox 836 3482 1004 3530; x_wconf 90' lang='lat' dir='ltr'>accensus</span> <span class='ocrx_word' id='word_1_218' title='bbox 1019 3462 1062 3529; x_wconf 91' lang='lat' dir='ltr'>ad</span> <span class='ocrx_word' id='word_1_219' title='bbox 1073 3462 1246 3529; x_wconf 88' lang='lat' dir='ltr'>lndiarum</span> <span class='ocrx_word' id='word_1_220' title='bbox 1262 3462 1394 3531; x_wconf 91' lang='lat' dir='ltr'>missio-</span> 
     </span>
     <span class='ocr_line' id='line_1_27' title="bbox 159 3574 1391 3664; baseline 0.002 -20"><span class='ocrx_word' id='word_1_221' title='bbox 159 3599 251 3658; x_wconf 89' lang='lat' dir='ltr'>nem,</span> <span class='ocrx_word' id='word_1_222' title='bbox 270 3575 308 3643; x_wconf 89' lang='lat' dir='ltr'>in</span> <span class='ocrx_word' id='word_1_223' title='bbox 323 3574 398 3644; x_wconf 84' lang='lat' dir='ltr'>eius</span> <span class='ocrx_word' id='word_1_224' title='bbox 413 3576 560 3662; x_wconf 86' lang='lat' dir='ltr'>gratiam</span> <span class='ocrx_word' id='word_1_225' title='bbox 580 3577 705 3644; x_wconf 88' lang='lat' dir='ltr'>obtulit</span> <span class='ocrx_word' id='word_1_226' title='bbox 721 3576 753 3643; x_wconf 91' lang='lat' dir='ltr'>ei</span> <span class='ocrx_word' id='word_1_227' title='bbox 772 3580 809 3645; x_wconf 88' lang='lat' dir='ltr'>P.</span> <span class='ocrx_word' id='word_1_228' title='bbox 830 3579 874 3647; x_wconf 94' lang='lat' dir='ltr'>N.</span> <span class='ocrx_word' id='word_1_229' title='bbox 893 3576 1061 3664; x_wconf 79' lang='lat' dir='ltr'>ignatiuS,</span> <span class='ocrx_word' id='word_1_230' title='bbox 1080 3590 1391 3663; x_wconf 90' lang='lat' dir='ltr'>postquam-tamen</span> 
     </span>
     <span class='ocr_line' id='line_1_28' title="bbox 158 3691 1391 3783; baseline 0.002 -23"><span class='ocrx_word' id='word_1_231' title='bbox 158 3692 193 3760; x_wconf 90' lang='lat' dir='ltr'>in</span> <span class='ocrx_word' id='word_1_232' title='bbox 215 3691 426 3779; x_wconf 86' lang='lat' dir='ltr'>theologicis</span> <span class='ocrx_word' id='word_1_233' title='bbox 452 3704 487 3761; x_wconf 93' lang='lat' dir='ltr'>et</span> <span class='ocrx_word' id='word_1_234' title='bbox 507 3692 610 3763; x_wconf 92' lang='lat' dir='ltr'>etiam</span> <span class='ocrx_word' id='word_1_235' title='bbox 630 3692 665 3759; x_wconf 91' lang='lat' dir='ltr'>in</span> <span class='ocrx_word' id='word_1_236' title='bbox 693 3693 888 3761; x_wconf 86' lang='lat' dir='ltr'>maturitate</span> <span class='ocrx_word' id='word_1_237' title='bbox 915 3714 1048 3759; x_wconf 90' lang='lat' dir='ltr'>morum</span> <span class='ocrx_word' id='word_1_238' title='bbox 1076 3692 1251 3779; x_wconf 87' lang='lat' dir='ltr'>aliquanto</span> <span class='ocrx_word' id='word_1_239' title='bbox 1279 3696 1391 3783; x_wconf 86' lang='lat' dir='ltr'>magis</span> 
     </span>
     <span class='ocr_line' id='line_1_29' title="bbox 157 3807 1393 3897; baseline 0.004 -23"><span class='ocrx_word' id='word_1_240' title='bbox 157 3807 400 3893; x_wconf 87' lang='lat' dir='ltr'>promouisset.</span> <span class='ocrx_word' id='word_1_241' title='bbox 418 3809 488 3878; x_wconf 90' lang='lat' dir='ltr'>Sed</span> <span class='ocrx_word' id='word_1_242' title='bbox 509 3828 602 3889; x_wconf 91' lang='lat' dir='ltr'>cum,</span> <span class='ocrx_word' id='word_1_243' title='bbox 620 3808 727 3876; x_wconf 90' lang='lat' dir='ltr'>literis</span> <span class='ocrx_word' id='word_1_244' title='bbox 742 3810 893 3895; x_wconf 90' lang='lat' dir='ltr'>acceptis</span> <span class='ocrx_word' id='word_1_245' title='bbox 909 3809 1102 3876; x_wconf 87' lang='lat' dir='ltr'>clanculum</span> <span class='ocrx_word' id='word_1_246' title='bbox 1120 3832 1139 3877; x_wconf 93' lang='lat' dir='ltr'>a</span> <span class='ocrx_word' id='word_1_247' title='bbox 1159 3822 1268 3897; x_wconf 88' lang='lat' dir='ltr'>patre,</span> <span class='ocrx_word' id='word_1_248' title='bbox 1292 3812 1393 3879; x_wconf 88' lang='lat' dir='ltr'>nobis</span> 
     </span>
     <span class='ocr_line' id='line_1_30' title="bbox 158 3922 1389 4011; baseline 0.002 -20"><span class='ocrx_word' id='word_1_249' title='bbox 158 3922 369 4004; x_wconf 87' lang='lat' dir='ltr'>insalutatis,</span> <span class='ocrx_word' id='word_1_250' title='bbox 392 3935 426 3991; x_wconf 90' lang='lat' dir='ltr'>et</span> <span class='ocrx_word' id='word_1_251' title='bbox 446 3923 608 4003; x_wconf 85' lang='lat' dir='ltr'>lectione,</span> <span class='ocrx_word' id='word_1_252' title='bbox 629 3945 732 4009; x_wconf 92' lang='lat' dir='ltr'>quam</span> <span class='ocrx_word' id='word_1_253' title='bbox 751 3926 986 4011; x_wconf 86' lang='lat' dir='ltr'>praelegebat,</span> <span class='ocrx_word' id='word_1_254' title='bbox 1009 3925 1127 3993; x_wconf 91' lang='lat' dir='ltr'>relicta</span> <span class='ocrx_word' id='word_1_255' title='bbox 1149 3928 1248 4011; x_wconf 87' lang='lat' dir='ltr'>(quae</span> <span class='ocrx_word' id='word_1_256' title='bbox 1276 3938 1389 3993; x_wconf 88' lang='lat' dir='ltr'>tamen</span> 
     </span>
     <span class='ocr_line' id='line_1_31' title="bbox 157 4038 1387 4127; baseline 0.002 -20"><span class='ocrx_word' id='word_1_257' title='bbox 157 4038 317 4125; x_wconf 78' lang='lat' dir='ltr'>priuatim</span> <span class='ocrx_word' id='word_1_258' title='bbox 334 4039 606 4127; x_wconf 85' lang='lat' dir='ltr'>praelegebatur)</span> <span class='ocrx_word' id='word_1_259' title='bbox 623 4039 870 4125; x_wconf 78' lang='lat' dir='ltr'>prosectionem</span> <span class='ocrx_word' id='word_1_260' title='bbox 891 4050 1039 4127; x_wconf 87' lang='lat' dir='ltr'>pararet,</span> <span class='ocrx_word' id='word_1_261' title='bbox 1058 4062 1094 4108; x_wconf 87' lang='lat' dir='ltr'>re</span> <span class='ocrx_word' id='word_1_262' title='bbox 1110 4052 1297 4127; x_wconf 87' lang='lat' dir='ltr'>comperta,</span> <span class='ocrx_word' id='word_1_263' title='bbox 1316 4052 1387 4109; x_wconf 90' lang='lat' dir='ltr'>sta-</span> 
     </span>
     <span class='ocr_line' id='line_1_32' title="bbox 158 4153 1390 4241; baseline 0.003 -20"><span class='ocrx_word' id='word_1_264' title='bbox 158 4153 221 4221; x_wconf 88' lang='lat' dir='ltr'>tuit</span> <span class='ocrx_word' id='word_1_265' title='bbox 234 4156 278 4222; x_wconf 90' lang='lat' dir='ltr'>P.</span> <span class='ocrx_word' id='word_1_266' title='bbox 292 4155 338 4225; x_wconf 93' lang='lat' dir='ltr'>N.</span> <span class='ocrx_word' id='word_1_267' title='bbox 353 4153 401 4221; x_wconf 90' lang='lat' dir='ltr'>illi</span> <span class='ocrx_word' id='word_1_268' title='bbox 413 4154 649 4241; x_wconf 89' lang='lat' dir='ltr'>proficiscendi</span> <span class='ocrx_word' id='word_1_269' title='bbox 663 4155 859 4222; x_wconf 85' lang='lat' dir='ltr'>facultatem</span> <span class='ocrx_word' id='word_1_270' title='bbox 872 4167 932 4221; x_wconf 90' lang='lat' dir='ltr'>aut</span> <span class='ocrx_word' id='word_1_271' title='bbox 944 4155 1183 4241; x_wconf 89' lang='lat' dir='ltr'>permisionem</span> <span class='ocrx_word' id='word_1_272' title='bbox 1195 4159 1331 4241; x_wconf 87' lang='lat' dir='ltr'>offerre,</span> <span class='ocrx_word' id='word_1_273' title='bbox 1344 4178 1390 4225; x_wconf 87' lang='lat' dir='ltr'>ne</span> 
     </span>
     <span class='ocr_line' id='line_1_33' title="bbox 155 4269 1388 4341; baseline 0.004 -7"><span class='ocrx_word' id='word_1_274' title='bbox 155 4281 279 4337; x_wconf 88' lang='lat' dir='ltr'>contra</span> <span class='ocrx_word' id='word_1_275' title='bbox 294 4280 415 4336; x_wconf 89' lang='lat' dir='ltr'>votum</span> <span class='ocrx_word' id='word_1_276' title='bbox 431 4282 467 4339; x_wconf 91' lang='lat' dir='ltr'>et</span> <span class='ocrx_word' id='word_1_277' title='bbox 483 4280 552 4337; x_wconf 88' lang='lat' dir='ltr'>tam</span> <span class='ocrx_word' id='word_1_278' title='bbox 568 4269 735 4339; x_wconf 88' lang='lat' dir='ltr'>inurbane</span> <span class='ocrx_word' id='word_1_279' title='bbox 751 4283 785 4339; x_wconf 87' lang='lat' dir='ltr'>et</span> <span class='ocrx_word' id='word_1_280' title='bbox 803 4271 891 4336; x_wconf 89' lang='lat' dir='ltr'>mala</span> <span class='ocrx_word' id='word_1_281' title='bbox 907 4291 986 4337; x_wconf 91' lang='lat' dir='ltr'>cum</span> <span class='ocrx_word' id='word_1_282' title='bbox 1010 4270 1222 4337; x_wconf 90' lang='lat' dir='ltr'>conscientia</span> <span class='ocrx_word' id='word_1_283' title='bbox 1247 4273 1388 4341; x_wconf 83' lang='lat' dir='ltr'>recede-</span> 
     </span>
    </p>
   </div>
   <div class='ocr_carea' id='block_1_3' title="bbox 157 4412 370 4423">
    <p class='ocr_par' dir='ltr' id='par_1_7' title="bbox 157 4412 370 4423">
     <span class='ocr_line' id='line_1_34' title="bbox 157 4412 370 4423; baseline 0.019 -4"><span class='ocrx_word' id='word_1_284' title='bbox 157 4412 370 4423; x_wconf 50' lang='lat' dir='ltr'>——n—-m</span> 
     </span>
    </p>
   </div>
   <div class='ocr_carea' id='block_1_4' title="bbox 206 4474 521 4535">
    <p class='ocr_par' dir='ltr' id='par_1_8' title="bbox 206 4474 521 4535">
     <span class='ocr_line' id='line_1_35' title="bbox 206 4474 521 4535; baseline 0.013 -4"><span class='ocrx_word' id='word_1_285' title='bbox 206 4491 220 4518; x_wconf 81' lang='lat'>⁸</span> <span class='ocrx_word' id='word_1_286' title='bbox 258 4474 452 4532; x_wconf 80' lang='lat' dir='ltr'>vuiuerritate</span> <span class='ocrx_word' id='word_1_287' title='bbox 465 4493 521 4535; x_wconf 80' lang='lat' dir='ltr'>ma.</span> 
     </span>
    </p>
   </div>
   <div class='ocr_carea' id='block_1_5' title="bbox 157 4598 366 4611">
    <p class='ocr_par' dir='ltr' id='par_1_9' title="bbox 157 4598 366 4611">
     <span class='ocr_line' id='line_1_36' title="bbox 157 4598 366 4611; baseline -0.01 0"><span class='ocrx_word' id='word_1_288' title='bbox 157 4598 366 4611; x_wconf 74' lang='lat'>——</span> 
     </span>
    </p>
   </div>
   <div class='ocr_carea' id='block_1_6' title="bbox 199 4663 1329 4826">
    <p class='ocr_par' dir='ltr' id='par_1_10' title="bbox 199 4663 1329 4826">
     <span class='ocr_line' id='line_1_37' title="bbox 206 4663 1329 4722; baseline 0.003 -4"><span class='ocrx_word' id='word_1_289' title='bbox 206 4666 219 4698; x_wconf 86' lang='lat'>⁸</span> <span class='ocrx_word' id='word_1_290' title='bbox 254 4664 456 4720; x_wconf 73' lang='lat' dir='ltr'>Theudoricus</span> <span class='ocrx_word' id='word_1_291' title='bbox 468 4663 604 4722; x_wconf 81' lang='lat' dir='ltr'>Gersrdi.</span> <span class='ocrx_word' id='word_1_292' title='bbox 1136 4666 1149 4701; x_wconf 84' lang='lat'>⁸</span> <span class='ocrx_word' id='word_1_293' title='bbox 1184 4664 1329 4722; x_wconf 79' lang='lat' dir='ltr'>Charlart.</span> 
     </span>
     <span class='ocr_line' id='line_1_38' title="bbox 199 4752 1085 4826; baseline 0 -17"><span class='ocrx_word' id='word_1_294' title='bbox 199 4754 223 4786; x_wconf 78' lang='lat'>¹⁰</span> <span class='ocrx_word' id='word_1_295' title='bbox 259 4752 440 4825; x_wconf 83' lang='lat' dir='ltr'>Aldenardo,</span> <span class='ocrx_word' id='word_1_296' title='bbox 452 4752 538 4825; x_wconf 83' lang='lat' dir='ltr'>cujus</span> <span class='ocrx_word' id='word_1_297' title='bbox 551 4752 628 4809; x_wconf 83' lang='lat' dir='ltr'>lacta</span> <span class='ocrx_word' id='word_1_298' title='bbox 641 4761 688 4808; x_wconf 82' lang='lat' dir='ltr'>ert</span> <span class='ocrx_word' id='word_1_299' title='bbox 700 4752 811 4809; x_wconf 85' lang='lat' dir='ltr'>mentio</span> <span class='ocrx_word' id='word_1_300' title='bbox 823 4752 853 4808; x_wconf 92' lang='lat' dir='ltr'>in</span> <span class='ocrx_word' id='word_1_301' title='bbox 866 4752 992 4826; x_wconf 82' lang='lat' dir='ltr'>epistole</span> <span class='ocrx_word' id='word_1_302' title='bbox 1005 4752 1085 4815; x_wconf 77' lang='lat'>3681.</span> 
     </span>
    </p>
   </div>
   <div class='ocr_carea' id='block_1_7' title="bbox 0 0 1788 5409">
    <p class='ocr_par' dir='ltr' id='par_1_11' title="bbox 0 0 1788 5409">
     <span class='ocr_line' id='line_1_39' title="bbox 0 0 1788 5409; baseline 0 11"><span class='ocrx_word' id='word_1_303' title='bbox 0 0 1788 5409; x_wconf 95' lang='lat' dir='ltr'> </span> 
     </span>
    </p>
   </div>
  </div>
 </body>
</html>
