3567 5409
411 453 466 510 7²0
779 440 1003 495 'Mononsnra
1022 438 1203 493 lannrrnnn

376 588 553 661 seruidore
569 595 625 661 del
641 591 792 660 cardinal
808 593 842 659 di
859 594 1022 681 Augusta
1039 594 1064 661 ¹.
1086 594 1173 659 Pero
1195 592 1415 680 aggiungerd
1432 592 1468 658 in
1485 604 1610 677 questa

255 727 257 730 ·
376 712 454 790 che,
472 711 611 795 quando
628 709 721 775 fosse
738 711 825 775 latta
839 709 997 775 instanza
1012 710 1056 776 de
1074 719 1170 793 parte
1186 708 1242 777 del
1257 706 1433 774 cardinale
1449 730 1469 773 a
1487 708 1533 775 V.
1552 709 1611 789 R..

374 825 404 891 si
420 828 611 912 proponera
627 826 660 891 al
676 847 714 892 re
729 836 852 908 questa
866 825 993 891 andata
1008 844 1070 911 per
1082 824 1115 890 la
1126 821 1218 891 dieta
1233 824 1284 890 sia
1300 823 1446 892 dicendo
1461 823 1500 891 in
1517 823 1614 910 prin-

373 940 464 1027 cipio
479 944 545 1009 che
560 943 606 1007 N.
626 942 666 1008 P.
689 963 760 1007 non
781 942 886 1009 uuole
905 938 955 1007 sia
977 941 1063 1007 fatto
1083 938 1202 1009 niente
1221 962 1324 1007 senza
1340 942 1405 1005 che
1425 940 1464 1009 S.
1488 943 1539 1007 M.
1563 940 1614 1007 sia

373 1056 515 1136 seruita,
533 1066 567 1123 et
583 1077 621 1123 se
637 1078 682 1123 ne
695 1054 863 1135 contenti,
882 1066 917 1122 et
932 1054 1010 1121 dica
1026 1053 1050 1119 il
1066 1068 1181 1141 tempo
1198 1054 1249 1121 fra
1264 1053 1288 1119 il
1309 1055 1411 1139 quale
1435 1054 1540 1121 uuole
1563 1054 1616 1121 sia

291 1234 295 1240 .
372 1174 416 1240 de
435 1173 526 1238 uolta
542 1172 577 1239 in
594 1170 729 1238 Vienna
745 1170 801 1236 chi
816 1193 855 1237 se
870 1192 915 1239 ne
931 1180 1096 1257 partesse,
1111 1171 1251 1256 perche,
1269 1168 1298 1237 si
1315 1170 1383 1239 ben
1399 1172 1444 1237 N.
1466 1172 1510 1239 P.
1528 1191 1610 1236 uor-

372 1287 424 1369 ria
438 1290 490 1354 far
506 1287 641 1374 piacere
656 1288 688 1354 al
704 1286 890 1365 cardinale,
909 1286 967 1373 piri
984 1290 1138 1355 anchora
1155 1288 1258 1353 uuole
1274 1286 1361 1353 farlo
1376 1306 1397 1351 a
1413 1284 1456 1352 S.
1486 1289 1553 1366 M.;
1576 1299 1612 1351 et

371 1404 536 1475 contrala
551 1423 615 1469 sua
630 1400 865 1469 consolatione
881 1412 916 1468 et
932 1399 1177 1470 sodissactione
1193 1423 1263 1468 non
1280 1401 1384 1469 uuole
1400 1423 1439 1468 se
1452 1423 1497 1468 ne
1514 1415 1611 1485 parta

372 1517 515 1584 nissuno
531 1517 610 1585 delli
629 1528 681 1583 tre
696 1516 752 1583 del
769 1518 920 1583 vienese.

439 1632 499 1702 Sia
515 1654 581 1700 con
599 1632 680 1698 tutti
696 1635 781 1720 Jesd
796 1630 863 1703 X.⁰

438 1749 482 1816 Di
499 1752 609 1816 Roma
626 1768 669 1834 23
685 1751 730 1816 de
744 1751 956 1818 Nouembre.

342 1909 344 1912 -
437 1866 639 1950 Inscriptio.
661 1862 729 1933 Per
745 1865 769 1929 il
786 1867 825 1930 P.
845 1869 947 1932 Mtro.
969 1864 1113 1931 Nicolao
1128 1866 1173 1933 de
1194 1866 1348 1949 Lannoy.

934 2065 1039 2147 3929

689 2217 831 2282 Pnrar
854 2190 1068 2283 nrconno
1092 2217 1278 2305 LANOJO

766 2362 855 2405 aona
869 2349 904 2404 23
916 2363 1098 2406 novarianis
1114 2350 1184 2422 ¹553
1198 2356 1216 2409 ¹.

371 2466 417 2522 De
432 2466 679 2523 scholasticorum
688 2466 1053 2537 promotione-Gaudet
1069 2468 1229 2523 Canisr‘um
1243 2468 1607 2527 convalescere-Thus

599 2555 723 2627 collegii
736 2555 860 2611 romani
872 2557 1092 2627 lactionumque
1104 2558 1243 2613 ordinem
1256 2558 1365 2613 mittit.

436 2681 538 2749 Circa
557 2684 589 2749 la
605 2682 822 2767 promotione
843 2681 922 2748 delli
946 2682 1128 2749 thudeschi
1152 2695 1187 2751 et
1207 2682 1285 2750 altri
1311 2684 1420 2749 nostri
1448 2684 1600 2751 scholari

369 2819 451 2884 pare
466 2797 556 2863 saria
571 2798 689 2864 buono
707 2799 834 2863 andare
845 2819 907 2884 per
925 2797 980 2864 uia
995 2799 1052 2864 del
1070 2821 1107 2865 re
1123 2799 1148 2879 ²,
1166 2798 1223 2865 cui
1239 2800 1337 2865 fauor
1353 2799 1389 2866 in
1405 2820 1488 2867 cosa
1504 2810 1603 2867 tanto

367 2912 482 3000 giusta
508 2934 590 3000 pare
617 2913 645 2979 si
674 2914 787 2981 debba
814 2914 1013 2998 adoperare.
1046 2916 1116 2980 Pur
1138 2914 1215 2998 VV.
1240 2916 1311 2981 RR.
1336 2915 1474 2984 uedano
1492 2914 1550 3000 piri
1566 2916 1602 2980 d’

366 3050 505 3116 apresso
522 3030 636 3115 quello
652 3028 702 3116 gli
718 3029 837 3115 patera
853 3028 913 3114 pid
929 3030 1169 3097 conueniente.

433 3147 532 3213 Delia
548 3144 824 3214 conualescentia
840 3146 896 3214 del
914 3148 953 3213 P.
975 3144 1138 3213 Cannisio
1159 3148 1170 3179 ³
1189 3146 1220 3212 ci
1242 3147 1459 3233 rallegriarno
1474 3143 1511 3213 in
1530 3146 1602 3214 Do-

366 3261 474 3329 minc.

432 3378 482 3445 Le
496 3377 711 3443 conclusioni
726 3389 762 3444 et
778 3378 897 3444 ordine
911 3379 1002 3446 delle
1017 3377 1150 3444 lettioni
1170 3378 1227 3446 del
1243 3377 1391 3463 collegio
1412 3400 1557 3446 romano
1571 3378 1600 3445 si

364 3494 535 3558 mandano
551 3494 583 3559 al
599 3487 768 3578 presente.
789 3493 826 3562 Si
845 3515 888 3559 ua
911 3492 1049 3559 innanzi
1071 3514 1138 3560 con
1160 3514 1323 3579 prospero
1343 3513 1516 3561 successo.
1542 3494 1601 3565 Sia

363 3607 493 3676 seruito
509 3607 649 3674 Christo
665 3610 711 3675 N.
736 3609 774 3677 S.

429 3724 484 3791 De
499 3724 585 3789 altre
601 3744 683 3791 cose
701 3724 893 3792 rimettome
910 3726 975 3791 alle
988 3724 1045 3811 git
1062 3724 1191 3793 scritte.

430 3837 489 3907 Sia
500 3841 584 3927 Jesir
602 3839 667 3907 X.⁰
685 3840 720 3907 in
737 3840 831 3907 aiuto
848 3851 882 3909 et
900 3842 998 3907 fauor
1015 3852 1145 3908 nostro.

429 3954 472 4022 Di
490 3958 600 4022 Roma
618 3974 659 4040 23
677 3956 712 4022 di
725 3958 924 4026 Nouembre
947 3974 1042 4043 1553.

430 4073 626 4156 Inscriptio
648 4075 715 4140 Per
731 4073 753 4139 il
771 4073 958 4141 medesimo
974 4074 1090 4161 [Mtro.
1110 4073 1254 4141 Nicolao
1269 4074 1314 4141 de
1330 4072 1501 4160 Lannoy].

414 4280 426 4312 ‘
462 4276 537 4335 Otto
548 4246 772 4332 Truchsessius.
786 4271 862 4328 Vide
875 4272 1030 4345 epistolam
1045 4269 1125 4339 3923.

414 4457 423 4490 ¹
462 4457 506 4511 Ex
516 4455 619 4511 codice
634 4454 751 4525 Regest.
766 4452 792 4516 J,
805 4451 859 4507 fol.
879 4464 955 4511 altr.

413 4550 425 4580 ²
463 4544 667 4600 Ferdinandus
680 4545 704 4600 1.

412 4634 425 4667 ⁸
463 4633 539 4688 Vide
553 4634 706 4706 epistolam
722 4630 816 4701 3931>
