3567 5409
451 406 1140 478 Ι4404444444440044444041,440140114040004041
1377 420 1430 476 775

261 545 326 601 507,
351 532 416 602 645³
442 542 524 604 optat
546 542 580 587 ut
599 533 637 588 ad
658 532 818 604 collegium

258 622 461 692 germanicum
480 624 608 695 juvenes
629 622 726 679 idonei
751 625 817 678 mit·

260 721 370 783 tantur,
384 725 449 783 227,
459 712 522 785 228,
534 711 598 781 ³933
608 712 646 768 de
655 712 745 768 sociis
755 713 817 767 Mu-

258 800 340 855 tinae
353 802 543 857 versantibus
555 802 641 857 valde
658 802 816 871 sollicitus,

257 889 371 959 cogitat
386 890 546 960 collegium
563 890 740 960 dissolvere,
758 891 815 947 nisi

258 968 437 1033 salubriores
474 978 564 1034 aedes
600 981 815 1051 praebeantur,

257 1064 323 1135 ³14.
339 1079 403 1138 401,
423 1080 488 1138 412,
506 1082 571 1138 454,
589 1083 654 1139 5544
672 1068 815 1125 (1410114-

256 1156 308 1226 gio
337 1157 525 1228 neapolitano
551 1161 628 1213 bene
653 1160 816 1228 ominatur,

256 1244 327 1315 482,
351 1244 419 1315 4833
446 1256 531 1318 putat
561 1246 815 1317 supersedendum

256 1352 324 1388 esse
337 1334 524 1391 institutione
537 1336 656 1407 collegii
675 1335 814 1407 parisien·

258 1424 312 1491 sis,
325 1424 420 1480 donec
433 1425 572 1480 laetiores
586 1436 654 1479 0004
663 1425 738 1493 dies,
750 1425 814 1497 4693

255 1524 339 1568 curat
349 1523 381 1568 ut
391 1514 480 1569 sociis
490 1514 637 1586 patavinis
648 1515 814 1569 necessaria

256 1602 493 1673 suppeditentur,
506 1601 638 1674 61764ος
658 1605 763 1675 probat
782 1612 814 1658 ut

256 1692 389 1762 patavini
413 1692 486 1746 socii
512 1694 667 1764 pharmaca
697 1692 814 1764 aliaque

253 1780 429 1851 accipiente
448 1780 646 1836 benedictinis
665 1782 746 1835 Stae.
763 1782 814 1853 Ju-

253 1869 350 1924 stinae
375 1885 479 1940 congr.
506 1869 635 1936 Cassin.,
657 1868 722 1936 688,
747 1870 811 1940 6893

252 1957 364 2027 gaudet
387 1957 424 2011 de
446 1958 557 2027 optimo
579 1960 643 2012 loco
665 1957 812 2029 perusinis

253 2047 342 2100 sociis
366 2045 533 2116 designato,
558 2045 622 2115 481;
649 2046 753 2101 annuit
780 2058 812 2103 ut

252 2134 325 2189 socii
343 2134 473 2205 perusini
490 2136 663 2191 clericorum
686 2137 811 2191 semina-

252 2224 327 2278 rium
339 2224 492 2295 adjuvent,
508 2238 570 2297 5523
586 2226 690 2295 probat
702 2213 767 2279 11041
780 2227 810 2281 10

251 2313 354 2368 Sicilia
366 2315 525 2384 collegium
539 2316 576 2369 ad
591 2314 708 2369 modum
721 2317 810 2370 colle·

248 2401 292 2471 gii
313 2402 476 2472 germanici
494 2402 525 2457 in
544 2404 637 2469 Urbe,
655 2416 720 2475 4053
741 2404 809 2457 Vio-

249 2491 307 2545 lam
341 2490 379 2545 ad
410 2490 624 2563 Lippomanum
655 2492 745 2547 mittit
777 2500 809 2547 ut

248 2581 325 2636 hunc
347 2581 453 2636 doceat
471 2581 508 2635 de
531 2590 667 2651 egestate
688 2582 808 2652 collegii

249 2670 361 2738 veneti,
382 2672 447 2739 6413
471 2686 529 2725 non
553 2671 657 2740 probat
675 2680 706 2725 ut
724 2687 741 2724 e
757 2688 807 2725 no·

247 2760 317 2813 stris
338 2759 444 2831 aliquis
462 2759 492 2813 in
511 2760 638 2829 collegio
656 2760 808 2830 theologo·

203 2840 209 2852 ⁸
245 2866 310 2902 rum
324 2848 455 2903 Viennae
465 2848 591 2918 habitet,
605 2862 669 2917 495,
680 2848 744 2917 496;
756 2865 806 2902 au·

245 2953 317 3005 gere
341 2936 438 3007 potius
461 2953 547 3008 quam
565 2936 741 2991 imminuere
758 2953 806 2991 so·

244 3026 356 3080 ciorum
375 3042 531 3079 numerum
551 3024 686 3079 Viennae
703 3024 804 3079 decer·

244 3115 299 3183 nit,
312 3127 448 3183 715-717;
462 3114 543 3167 00104
560 3112 598 3167 00
616 3116 724 3168 misero
744 3115 802 3169 Au·

243 3204 334 3258 striae
348 3213 437 3271 statu,
451 3202 515 3272 305,
529 3202 592 3261 308.

206 3293 455 3352 114-1044144400
481 3306 522 3348 ar
545 3305 628 3347 sucu
652 3304 801 3348 044400444-

241 3394 306 3439 4441.
316 3382 459 3436 -Annuit
472 3392 505 3436 ut
519 3382 663 3438 Araozius
677 3383 801 3437 incuria

241 3469 402 3541 Hispaniae
416 3470 555 3541 principis
570 3481 720 3537 versetur,
734 3468 798 3542 3323

241 3559 363 3614 miratur
377 3559 535 3614 Araozium
554 3576 613 3613 non
627 3558 725 3613 facere
738 3559 799 3614 sibi

239 3648 353 3720 copiam
372 3648 409 3702 ad
429 3648 584 3719 pecuniam
604 3646 691 3701 sociis
706 3665 798 3701 roma-

238 3737 600 3807 nis,egestateoppressis,
612 3736 797 3807 mittendam,

237 3837 392 3898 propterea
405 3826 484 3898 quod
497 3825 667 3893 scandalum
681 3824 796 3897 timeat,

236 3932 303 3970 cum
326 3914 496 3971 scandalum
520 3915 632 3968 nullum
655 3914 704 3982 sit,
731 3928 794 3985 514,

236 4017 304 4075 515;
330 4004 368 4059 00
399 4004 525 4059 Α400210
554 4004 633 4075 apud
658 4004 794 4059 Natalem

234 4093 378 4165 queritur,
391 4106 454 4164 517,
468 4092 531 4163 5183
546 4093 732 4147 Aversanum
751 4112 793 4148 re·

234 4194 335 4236 movet
347 4184 385 4236 ab
395 4182 492 4236 officio
501 4180 636 4249 rectoris,
647 4180 719 4252 quin
728 4181 793 4253 ejus

232 4267 310 4323 fama
324 4268 524 4337 imminuatur,
537 4269 601 4339 7063
616 4285 675 4323 non
688 4270 793 4339 probat

232 4369 276 4431 ut,
290 4375 365 4430 quae
379 4359 484 4428 Borgia
499 4366 618 4412 acturus
631 4356 681 4426 sit,
692 4359 791 4412 00010·

232 4460 278 4501 rat
290 4465 357 4502 curn
372 4444 519 4500 Roderico
531 4444 646 4499 Gomez
658 4455 710 4500 aut
722 4464 789 4501 cum

232 4536 381 4608 pontilicis
415 4538 528 4605 legato:
564 4552 631 4587 cum
662 4536 789 4591 Araozio

908 534 1039 607 quidem,
1053 534 1106 591 sed
1119 535 1160 590 140
1180 542 1210 589 04
1231 550 1286 589 nec
1304 534 1381 588 hunc
1399 548 1466 587 con·

908 626 1005 679 sulere
1027 640 1082 679 nec
1101 622 1165 695 ejus
1183 621 1363 678 sententiam
1382 621 1467 695 sequi

908 720 1056 775 teneatur,
1076 713 1140 782 3193
1164 712 1291 767 maxime
1310 712 1415 783 probat
1434 718 1466 765 ut

907 802 1014 873 Borgia
1027 790 1056 856 iri
1071 800 1282 871 Portugalliam
1293 799 1390 869 adeat,
1401 797 1465 869 319,

907 891 971 961 320,
986 905 1050 961 512,
1063 889 1127 964 5133
1142 891 1268 962 amplam
1279 888 1405 960 Borgiac
1416 905 1465 961 po·

907 989 1045 1035 testatem
1059 979 1131 1035 facit
1144 978 1173 1033 id
1184 978 1378 1051 exsequendi,
1389 977 1466 1051 quod

907 1070 998 1124 motio
1011 1068 1111 1123 diviua
1122 1080 1274 1139 suggerat,
1285 1066 1350 1139 3793
1362 1066 1466 1121 annuit

908 1168 940 1212 ut
953 1156 1173 1211 Bustamantius
1192 1156 1406 1227 professionem
1426 1154 1466 1211 ia·

907 1248 977 1313 ciat,
994 1245 1059 1317 3253
1078 1246 1238 1315 diligenter
1257 1245 1410 1301 contendit
1427 1263 1466 1300 00

907 1337 1045 1393 Canisius
1073 1336 1110 1391 ad
1138 1332 1240 1391 sedern
1272 1336 1465 1391 viennensem

907 1428 1060 1496 evehatur,
1084 1424 1148 1491 323,
1166 1423 1230 1499 3243
1251 1422 1405 1480 Canisium
1420 1423 1465 1495 ju·

907 1516 958 1569 bet
975 1531 1074 1569 curam
1093 1524 1123 1568 et
1142 1514 1277 1569 timorem
1296 1512 1333 1567 de
1353 1512 1466 1583 episco-

906 1612 976 1675 patu
1000 1604 1160 1673 deponere,
1185 1618 1248 1673 494,
1273 1616 1337 1671 495;
1362 1611 1466 1658 censet

905 1710 963 1747 non
985 1700 1120 1763 oportere
1140 1700 1171 1746 ut
1189 1690 1335 1748 Octavius
1355 1690 1465 1746 Caesar

906 1780 1059 1850 Neapolim
1073 1780 1185 1850 redeat,
1202 1780 1262 1847 167,
1277 1779 1341 1849 3263
1359 1780 1465 1833 Dome-

903 1887 994 1925 necco
1010 1868 1128 1925 mandat
1139 1879 1182 1937 ut,
1193 1869 1311 1923 omissis
1323 1870 1463 1924 lamenta·

904 1958 1043 2025 tionibus,
1057 1969 1196 2013 evocatos
1210 1975 1227 2011 e
1247 1958 1346 2012 Sicilia
1367 1958 1463 2013 socios

902 2050 1115 2120 quamprimum
1136 2048 1258 2102 Romam
1273 2046 1382 2111 mittat,
1396 2048 1461 2115 4623

901 2140 1066 2207 catalogum
1085 2138 1230 2192 sociorum
1248 2145 1280 2190 et
1298 2136 1461 2190 officiorum

901 2226 930 2281 in
954 2226 1105 2297 provincia
1125 2224 1217 2279 sicula
1235 2242 1251 2278 a
1270 2224 1460 2279 Domenecco

901 2316 1012 2387 poscit,
1039 2328 1105 2385 524;
1136 2314 1303 2385 Gropillum
1333 2315 1459 2384 solatur,

900 2418 963 2477 2973
991 2406 1136 2475 Joannem
1160 2399 1322 2459 Antonium
1348 2402 1460 2457 excitat

899 2507 931 2551 ut
941 2498 1019 2551 bono
1029 2494 1068 2551 sit
1081 2497 1229 2565 exemplo,
1243 2494 1306 2563 5603
1323 2492 1458 2548 Lainium

898 2596 982 2656 rogat
996 2585 1069 2641 velit
1082 2582 1250 2655 siguificare
1262 2581 1397 2655 quisnam
1419 2584 1462 2637 lo·

897 2692 949 2729 cus
962 2674 999 2729 ad
1012 2671 1251 2729 commorandum
1266 2670 1360 2741 magis
1374 2670 1456 2725 0104-

896 2763 1002 2831 rideat,
1027 2760 1088 2831 118;
1114 2761 1232 2817 dubitat
1254 2778 1291 2815 an
1319 2759 1459 2831 expediat

897 2862 930 2908 ut
942 2854 1052 2907 Romae
1064 2851 1243 2919 theologiam
1255 2848 1396 2921 explicet,
1407 2858 1458 2904 aut

894 2941 959 2997 aliis
988 2939 1233 3011 occupationibus
1263 2936 1455 3007 distineatur,

897 3030 956 3097 1183
981 3045 1039 3084 non
1058 3029 1122 3083 vult
1142 3037 1174 3081 ut
1195 3026 1319 3082 Genuae
1341 3025 1455 3081 diutius

893 3125 1040 3185 versetur,
1052 3132 1140 3187 quarn
1155 3116 1299 3169 Eleonora
1311 3113 1349 3167 de
1367 3114 1453 3167 Tole·

892 3214 923 3259 to
935 3204 1094 3265 concessit,
1107 3205 1170 3272 ⁶493
1191 3202 1308 3257 etiamsi
1328 3219 1449 3272 praeno·

892 3295 968 3349 verit
982 3295 1117 3359 Lainium
1131 3292 1187 3347 sibi
1203 3306 1405 3345 successorem
1421 3289 1451 3346 in

889 3384 1063 3453 generalatu
1088 3380 1230 3444 futurum,
1259 3397 1326 3433 eum
1352 3388 1452 3435 40444044

890 3472 1020 3526 moriens
1047 3468 1189 3525 vicariurn
1214 3467 1374 3522 Societatis
1401 3482 1451 3522 no·

889 3561 944 3616 luit
969 3560 1137 3631 designare,
1164 3558 1226 3625 2665
1250 3557 1450 3629 querimonias

888 3650 1017 3721 episcopi
1043 3648 1234 3702 marianensis
1259 3645 1296 3700 de
1316 3645 1450 3701 Landino

887 3738 988 3807 refert,
1008 3740 1153 3809 jubetque
1176 3738 1254 3791 hunc
1276 3752 1343 3789 cum
1366 3734 1448 3789 socio

885 3826 1031 3895 conferre,
1046 3842 1083 3879 an
1097 3824 1236 3895 expediat
1247 3823 1319 3877 alias
1329 3822 1447 3878 dioece·

885 3935 935 3971 ses
949 3919 1084 3985 lustrare,
1098 3912 1226 3985 237-239,
1242 3926 1305 3981 247,
1320 3914 1384 3980 248;
1401 3912 1446 3983 ju·

886 4006 937 4060 bet
956 4004 1098 4075 Lanojum
1116 4002 1257 4058 cardinali
1280 4010 1445 4071 augustano

885 4110 995 4148 morem
1009 4109 1125 4163 gerere,
1138 4104 1201 4159 712,
1217 4087 1280 4162 7133
1301 4089 1444 4144 Mironem

883 4182 971 4237 docet
984 4181 1054 4254 quid
1068 4190 1187 4235 acturus
1205 4179 1245 4233 sit
1263 4196 1331 4233 curn
1350 4178 1443 4233 Simo·

883 4290 921 4326 ne
943 4270 1110 4341 Rodericio‚
1138 4282 1200 4339 270,
1222 4281 1286 4341 2713
1307 4268 1442 4324 Natalem

882 4363 913 4416 in
939 4360 1082 4433 Hispania
1108 4370 1137 4414 et
1161 4356 1440 4427 Ρο4404ζο111000444-

881 4448 1048 4505 missarium
1070 4459 1161 4513 creat,
1182 4461 1209 4518 7;
1236 4449 1373 4517 pleraque
1400 4445 1440 4499 ia·

880 4539 985 4621 cienda
1004 4538 1143 4609 injungit,
1165 4549 1207 4605 12,
1230 4536 1273 4603 18,
1290 4534 1355 4605 623,
1374 4534 1438 4609 625;
