3567 5409
1406 33 1781 192 ψ

383 487 437 555 644
768 487 978 544 Mouuunura
996 487 1173 542 lauretum

915 665 1078 751 atriti>is

396 783 658 878 episcopos
683 808 1022 889 CAPRULENSIS,
1050 807 1273 878 v1cnn1os
1297 809 1517 877 necarer.

861 961 1069 1010 GENUENSIS

675 1073 796 1130 PATRI
818 1073 989 1133 IGNATIO
1010 1075 1063 1130 DE
1082 1073 1246 1132 LOYOLA

738 1203 848 1246 ouuun
862 1204 893 1245 21
911 1203 1070 1246 ocrosms
1087 1189 1154 1261 1553
1171 1198 1189 1245 ¹.

345 1309 466 1364 Gaudet
479 1313 669 1379 summopere
684 1307 805 1379 Deoqua
821 1309 944 1382 gratias
962 1307 1030 1378 agit
1048 1308 1256 1379 amplissimas
1272 1310 1309 1363 da
1326 1310 1458 1364 adventu
1473 1309 1583 1364 Patri-r

485 1397 602 1465 Lainii,
616 1400 670 1468 qui
683 1397 790 1452 utilem
804 1403 941 1470 operam,
958 1398 1099 1453 Genuam
1113 1397 1283 1466 excolendo,
1295 1397 1430 1456 collocat.

403 1525 470 1582 Rae
484 1525 516 1582 in
531 1526 613 1600 Xpo.
627 1525 701 1598 Jesu
717 1525 809 1584 irater
823 1525 1017 1583 honorande.

403 1622 547 1709 Egionto
563 1634 617 1707 qui
631 1650 649 1690 a
664 1632 769 1690 liaude
784 1639 816 1690 et
830 1633 932 1690 honor
946 1632 987 1690 de
1002 1631 1062 1688 Dio
1077 1631 1098 1688 ii
1112 1631 1297 1690 charissimo
1316 1631 1447 1703 fratello,
1466 1633 1488 1690 ii
1503 1631 1582 1690 mai·

340 1748 404 1799 stro
416 1740 479 1798 don
489 1740 617 1815 Jaeomo
630 1737 651 1809 ⁴,
663 1756 680 1796 e
692 1739 725 1796 di
736 1739 788 1815 gia
798 1739 838 1796 ha
850 1739 933 1796 sacto
945 1739 1008 1796 due
1018 1737 1166 1812 prediche
1177 1739 1275 1796 molto
1286 1739 1473 1808 catholiche,
1484 1739 1581 1796 docte

339 1865 358 1906 e
374 1848 540 1918 fructuose,
557 1846 589 1905 di
605 1847 700 1905 modo
716 1847 774 1904 che
791 1847 819 1905 la
834 1847 910 1904 citta
923 1853 1009 1904 tucta
1023 1863 1063 1903 ne
1077 1854 1160 1906 resta
1172 1847 1270 1905 molto
1291 1847 1462 1904 consolata.
1482 1847 1516 1904 lo
1536 1846 1579 1904 de

340 1955 440 2031 primo
455 1955 497 2032 gli
512 1955 553 2012 ho
568 1955 641 2013 data
655 1963 771 2028 quanta
786 1955 942 2013 authorita
957 1955 1016 2012 che
1031 1953 1061 2012 io
1075 1962 1171 2032 teugo
1186 1971 1243 2029 per
1255 1955 1326 2012 udir
1338 1956 1367 2012 ie
1378 1954 1579 2013 consessione

338 2062 412 2121 ede
432 2063 538 2120 uisitar
555 2063 684 2134 chiesie‚
707 2061 837 2120 ministri
858 2078 876 2120 e
895 2069 984 2119 tucto
1003 2061 1077 2134 quel
1096 2062 1155 2132 che
1174 2062 1205 2119 io
1224 2062 1266 2139 gli
1284 2079 1379 2136 posso
1398 2059 1578 2120 conceder¹.

336 2169 373 2228 L’
389 2170 497 2228 ordine
513 2187 569 2245 per
584 2170 697 2228 adesso
713 2169 799 2228 serra
814 2170 873 2228 che
889 2169 918 2226 ie
934 2169 1012 2227 feste
1026 2168 1176 2243 prediche
1191 2170 1242 2226 nei
1257 2170 1363 2240 domo,
1374 2177 1407 2228 et
1418 2186 1481 2227 una
1490 2169 1578 2227 uoltu

337 2279 366 2336 la
380 2278 553 2348 settimana,
568 2278 637 2336 cioe
654 2277 675 2334 il
689 2277 825 2352 giouedi,
842 2277 948 2352 legera
962 2277 994 2334 in
1009 2293 1071 2335 una
1086 2277 1197 2334 stantia
1210 2276 1262 2334 dei
1276 2277 1372 2335 domo
1384 2294 1447 2335 una
1458 2278 1577 2336 lection

336 2385 387 2443 alli
403 2385 618 2456 ecclesiastici,
633 2397 665 2442 et
680 2385 750 2442 altri
766 2401 801 2442 se
820 2385 852 2442 ui
873 2386 1056 2443 uenirunno.
1075 2385 1110 2441 Io
1128 2386 1264 2460 regratio
1282 2384 1343 2444 Dio
1361 2401 1380 2442 e
1400 2383 1438 2443 V.
1458 2385 1497 2444 R.
1516 2386 1577 2443 che

336 2509 376 2550 ue
388 2491 460 2550 habi
471 2493 610 2566 prouisto
621 2492 662 2549 de
674 2509 716 2549 un
725 2492 934 2550 doctissimae
945 2492 1085 2550 uirtuoso
1095 2492 1190 2549 homo
1202 2508 1264 2550 con
1274 2492 1294 2549 ii
1306 2491 1383 2548 doni
1394 2493 1438 2568 gii
1449 2492 1491 2550 ha
1497 2509 1577 2551 con·

335 2617 427 2658 cesso
438 2599 508 2670 Dio,
523 2615 540 2656 e
556 2599 671 2672 qualita
687 2615 720 2656 se
734 2615 915 2668 recercano,
931 2599 1067 2656 maxime
1077 2615 1097 2656 a
1107 2599 1211 2672 questi
1221 2598 1327 2672 tempi.
1339 2597 1411 2656 Ese
1421 2597 1485 2656 ben
1497 2599 1578 2658 hora

333 2708 365 2764 in
381 2715 493 2780 questa
507 2707 580 2764 cirta
595 2707 626 2764 ui
642 2706 728 2764 siano
744 2707 866 2780 strepiti
882 2705 914 2762 di
928 2722 1050 2782 guerra,
1064 2723 1123 2779 pur
1139 2723 1202 2763 non
1218 2707 1244 2764 si
1258 2706 1428 2763 maachati
1442 2705 1483 2762 de
1500 2723 1578 2780 pro-

334 2815 470 2872 uissione
485 2832 503 2871 a
518 2831 666 2888 procurat
681 2815 738 2871 che
754 2821 866 2888 questa
886 2813 959 2870 citra
975 2829 1039 2870 non
1054 2812 1102 2872 sia
1116 2813 1245 2870 inferior
1258 2830 1277 2871 a
1290 2814 1319 2871 ie
1334 2813 1422 2884 altre3
1436 2813 1496 2870 che
1511 2811 1577 2870 Dio

333 2921 376 3000 gli
392 2921 433 2978 ha
446 2921 518 2978 data
531 2922 629 2998 gratia
644 2922 684 2977 de
700 2921 798 2978 hauer
812 2920 948 2996 collegio
964 2919 1004 2980 de
1020 2919 1121 2992 questi
1135 2919 1280 2978 honorati
1295 2919 1474 2978 etructuosi
1484 2923 1576 2994 preti

333 3028 374 3086 Et
388 3029 427 3098 io,
443 3044 475 3086 se
491 3027 553 3085 ben
567 3043 625 3086 son
641 3028 681 3084 de
701 3027 803 3101 poche
822 3027 915 3100 forze,
940 3043 958 3084 e
977 3043 1036 3084 son
1055 3026 1097 3083 de
1115 3025 1135 3083 li
1154 3027 1245 3101 primi
1264 3028 1323 3085 che
1343 3029 1405 3084 han
1424 3027 1577 3104 bisoguio

333 3136 374 3194 de
391 3136 420 3193 la
434 3135 647 3193 misericordia
662 3135 702 3193 de
718 3133 790 3204 Dio,
810 3134 842 3192 ui
862 3135 995 3192 mettero
1015 3141 1096 3192 tutto
1115 3135 1188 3207 quel
1206 3135 1355 3212 ingegnio
1374 3135 1417 3192 mi
1437 3135 1478 3192 ha
1495 3134 1576 3193 dato

332 3239 404 3314 Dio,
425 3242 512 3300 accio
532 3242 630 3317 segni,
652 3257 741 3299 come
761 3257 819 3300 son
839 3249 926 3299 certo
946 3241 1080 3317 seguira,
1099 3242 1140 3299 tui
1160 3239 1223 3300 bon
1243 3241 1368 3312 effecto,
1386 3259 1405 3300 e
1425 3243 1509 3300 serra
1529 3241 1576 3300 de

331 3350 537 3428 grandissimo
558 3349 667 3418 sructo,
687 3349 804 3423 perche
824 3365 984 3424 cognosco
1004 3365 1091 3420 oues,
1113 3365 1243 3422 quarum
1261 3365 1368 3408 curam
1387 3365 1474 3425 gero.
1492 3348 1532 3406 Vi
1554 3350 1576 3406 ὲ

332 3457 461 3514 materia
475 3456 594 3533 grande
609 3471 627 3514 e
641 3456 737 3514 multa
753 3471 863 3526 messe,
879 3463 911 3513 et
926 3472 983 3528 per
996 3456 1094 3532 gratia
1107 3455 1148 3513 de
1163 3454 1223 3514 Dio
1237 3456 1317 3515 assai
1335 3456 1399 3514 ben
1418 3456 1574 3530 disposta

331 3563 549 3622 Manchauano
570 3564 638 3622 solo
658 3563 698 3620 de
718 3563 770 3620 tali
790 3563 934 3638 operarii,
954 3563 995 3621 de
1015 3563 1098 3637 quali
1117 3561 1188 3635 Dio,
1210 3580 1267 3637 per
1287 3580 1344 3622 sua
1364 3563 1531 3622 clementia
1553 3581 1575 3622 e

330 3671 426 3732 bonta
441 3671 481 3728 de
496 3671 533 3730 V.
549 3670 633 3741 Stia,
650 3671 669 3729 li
683 3671 774 3728 hatra
789 3670 942 3743 prouisto.

392 3779 431 3838 Et
446 3797 463 3837 a
477 3780 506 3838 la
521 3793 576 3838 sua
591 3779 674 3838 bona
689 3779 785 3854 gratia
800 3794 818 3837 e
834 3778 875 3837 de
889 3779 961 3836 tutti
976 3777 1071 3852 quelli
1086 3778 1196 3836 fratelli
1210 3795 1228 3836 e
1240 3796 1296 3837 sue
1307 3779 1424 3837 deuote
1434 3779 1574 3837 orationi

328 3904 380 3945 me
396 3887 595 3945 recomando.

390 3995 429 4052 Di
443 3993 554 4053 Genua
568 3995 620 4052 aiii
637 4007 670 4052 21
690 3993 730 4052 de
747 3992 886 4051 Octobre
903 3993 954 4050 del
972 4005 1018 4068 53.

389 4101 454 4160 Ali
468 4102 587 4160 seruitii
604 4102 643 4161 dc
660 4100 696 4159 V.
713 4100 789 4158 Rda.
805 4099 881 4159 Sria.

449 4210 483 4267 lu
497 4224 638 4268 vescovo
655 4225 696 4266 uu
711 4207 864 4278 Cenoma,
879 4208 998 4267 vicario
1013 4209 1258 4268 architescovile
1271 4209 1314 4268 de
1329 4207 1452 4270 Genua.

389 4316 564 4394 Inscriptio.
582 4315 620 4374 Al
643 4316 722 4374 Rdo.
744 4315 844 4374 Padre
864 4316 929 4375 don
948 4315 1079 4392 ignatio,
1099 4319 1262 4390 preposito
1281 4317 1334 4376 dei
1354 4316 1574 4396 Congregatio

327 4421 394 4505 [sic]
410 4425 450 4483 de
462 4425 545 4500 Jesir,
561 4425 624 4483 mio
641 4423 835 4494 honorando,
848 4440 865 4480 a
880 4422 989 4481 Roma.

382 4623 389 4656 ¹
429 4623 472 4677 Ex
486 4621 668 4691 autographo
682 4619 711 4674 in
729 4617 978 4686 Cod.-diversor.,
994 4633 1011 4674 2
1024 4619 1070 4687 ft,
1084 4637 1113 4676 n.
1128 4617 1174 4691 73,
1187 4621 1268 4693 prius
1279 4620 1326 4690 67.

295 4733 298 4740 ·
380 4715 391 4746 ²
430 4711 558 4782 Jacobus
573 4710 703 4768 Lainius.
720 4708 795 4764 Vide
809 4709 968 4780 epistolam
981 4708 1175 4781 superiorem.
