3567 5409
795 482 1003 539 mononem
1023 483 1202 538 lcumena

945 638 1049 720 3792
1143 650 1148 655 ’

574 776 716 847 PATRI
739 778 941 849 censen
965 780 1147 850 nennio
1172 782 1235 848 ex
1257 779 1411 851 conii.
1443 789 1446 797 ·

761 926 849 971 nont
863 912 899 969 30
911 926 1107 973 SEPTEMBRIS
1122 912 1192 985 1553
1205 918 1226 975 ¹.
1311 960 1314 965 .

386 1029 519 1085 Victoria
541 1033 569 1085 et
594 1027 790 1102 Conspcanus
812 1031 943 1087 Romam
965 1026 1251 1088 advocaturum-De
1277 1026 1439 1088 Thaddaeo
1454 1030 1617 1105 etJnnnne

432 1118 663 1177 Antania-Ex
686 1118 775 1177 sociis
794 1118 828 1175 in
852 1116 962 1176 Urbem
985 1118 1132 1192 prosectis
1146 1118 1207 1175 alit
1216 1120 1288 1191 jam
1298 1126 1475 1194 pervenere,
1492 1118 1615 1175 diica-

429 1208 729 1279 spcctantur.-Post
741 1209 900 1280 scriptum.
915 1208 962 1263 Da
976 1208 1111 1265 Henrico
1122 1210 1303 1274 Sommalio,
1313 1210 1442 1282 infirma
1452 1214 1554 1265 utente
1563 1227 1614 1264 na·

432 1296 578 1352 letudine.

257 1422 259 1428 ‘
384 1472 390 1491 ,
448 1416 519 1481 Pax
535 1413 592 1482 X.i

446 1529 681 1599 Riceuessimo
697 1530 810 1617 quelle
826 1531 861 1597 di
882 1532 922 1600 16
937 1543 973 1598 et
990 1549 1032 1617 23
1048 1532 1104 1601 del
1120 1543 1295 1619 presente,
1311 1543 1346 1601 et
1361 1531 1613 1600 intendessimo

378 1646 411 1713 la
429 1657 556 1713 uenuta
571 1646 652 1714 delli
669 1646 792 1716 fratelli
809 1646 917 1715 nostri
932 1648 969 1715 di
990 1647 1138 1729 Vienna,
1153 1660 1188 1719 et
1200 1670 1300 1715 como
1313 1670 1419 1717 erano
1435 1648 1570 1717 fermati
1586 1650 1608 1713 il

379 1762 419 1828 P.
438 1760 584 1830 Uittoria
600 1761 612 1795 ¹
629 1773 664 1829 et
681 1765 786 1831 Mtro.
809 1762 985 1831 Giouanni
1001 1764 1231 1850 Conspeanno
1246 1763 1282 1830 in
1298 1764 1445 1833 Venetia
1456 1765 1608 1830 secondo

376 1874 400 1944 l’
416 1876 535 1945 ordine
551 1878 659 1944 datto.
679 1878 775 1945 Hora
791 1880 823 1945 N
826 1900 840 1945 .·
853 1881 908 1959 P„
926 1880 1142 1949 considerate
1158 1880 1263 1949 molte
1279 1900 1371 1960 cose,
1389 1878 1420 1945 si
1432 1880 1452 1945 ὁ
1465 1879 1608 1945 risoluto

376 1992 413 2059 di
431 1993 482 2059 sar
498 1992 616 2061 uenire
632 1994 675 2060 de
692 1994 885 2081 Morbegno
900 1993 923 2060 il
941 1995 983 2063 P.
1001 1995 1141 2063 Andrea
1160 1994 1367 2063 Galuanello
1387 1994 1423 2060 in
1445 1994 1602 2074 Venetia,

378 2116 413 2177 et
428 2106 502 2177 cosi
520 2107 597 2176 uole
609 2107 660 2174 sia
676 2110 837 2176 mandato
848 2108 884 2177 in
896 2130 965 2195 qua
976 2131 1042 2177 con
1053 2110 1087 2175 la
1100 2110 1206 2196 prima
1218 2108 1425 2176 commonito
1438 2108 1462 2175 il
1477 2112 1516 2176 P.
1531 2109 1604 2177 Vit-

377 2222 464 2290 toria
480 2245 540 2310 per
560 2222 696 2291 diuerso
712 2224 858 2313 regioni,
881 2235 917 2291 et
936 2227 1046 2292 anche
1067 2225 1090 2291 il
1111 2227 1214 2293 Mtro.
1239 2224 1378 2293 Giouan
1397 2225 1605 2311 Conspeano

375 2360 440 2405 con
470 2339 528 2406 lui.
560 2340 603 2406 Et
630 2351 754 2425 questo
774 2362 834 2426 per
854 2339 990 2407 diucrse
1014 2338 1146 2427 ragioni
1166 2340 1196 2407 si
1217 2352 1339 2428 reputa
1360 2340 1600 2418 conueniente;

378 2464 412 2520 et
429 2475 495 2521 con
511 2456 629 2523 effetto
645 2476 798 2523 nessuno
814 2456 850 2522 di
865 2455 939 2523 loro
954 2455 1011 2521 doi
1027 2476 1109 2542 pare
1124 2467 1197 2523 atto
1214 2476 1273 2542 per
1289 2456 1310 2520 l’
1326 2477 1431 2543 opera
1446 2455 1482 2522 di
1496 2456 1604 2523 Vene-

378 2568 438 2650 tia3
456 2570 485 2636 si
503 2572 567 2638 che
583 2572 631 2639 V.
655 2573 696 2641 R.
715 2572 739 2637 li
756 2572 882 2639 mandi.

447 2686 550 2753 Circa
561 2686 594 2753 la
606 2686 821 2756 confessione
837 2689 1011 2775 generalle
1027 2688 1062 2755 di
1077 2690 1182 2774 quelli
1198 2687 1339 2776 giouani
1354 2708 1419 2755 con
1437 2687 1460 2753 il
1474 2689 1515 2755 P.
1530 2686 1604 2754 vit-

379 2802 477 2883 toria,
494 2807 571 2870 sara
587 2804 675 2873 bene
691 2804 724 2869 lo
742 2803 897 2872 [acciano
911 2808 940 2871 s'
959 2806 1135 2873 hauerano
1152 2804 1337 2872 deuotione
1351 2803 1386 2870 di
1402 2804 1501 2871 farto.

447 2918 498 2987 De
514 2918 656 2987 Thodeo
673 2920 698 2999 ⁸,
717 2920 929 2989 intendendo
945 2932 1041 2989 tante
1056 2940 1150 3002 cose,
1168 2940 1249 3010 pare
1265 2942 1285 2987 a
1300 2921 1346 2989 N.
1366 2922 1407 2987 P.
1430 2920 1476 2988 de
1490 2919 1602 2988 rimet-

379 3032 461 3101 tersi
477 3033 509 3101 al
527 3055 646 3121 parere
660 3034 695 3101 di
711 3034 755 3103 V.
776 3036 816 3103 R.
835 3035 930 3104 etde
946 3035 969 3102 il
988 3032 1100 3105 Padre
1120 3034 1353 3103 commissario
1373 3037 1405 3124 (a
1424 3034 1484 3101 chi
1507 3058 1545 3105 se
1563 3036 1604 3101 ha

378 3148 508 3235 scritto)
528 3150 542 3182 ⁴
563 3150 658 3219 accib
680 3150 703 3215 li
724 3150 827 3217 diano
847 3150 987 3219 licentia
1008 3174 1067 3239 per
1088 3152 1195 3219 andar
1216 3172 1237 3219 a
1257 3150 1373 3231 Siena,
1397 3148 1472 3219 etot
1494 3170 1604 3217 acasa

378 3284 453 3346 sua,
472 3286 509 3333 se
527 3286 596 3333 non
618 3268 732 3339 hanno
753 3278 875 3355 troppo
899 3288 1066 3354 speranza
1082 3268 1172 3337 della
1187 3290 1250 3336 sua
1265 3266 1519 3337 emendatione.
1537 3270 1569 3335 A
1583 3263 1603 3333 1’

379 3378 466 3447 altro
488 3380 638 3449 Gioanni
667 3380 822 3449 Antonio
845 3386 858 3419 ⁸
878 3380 1065 3470 bisognera
1086 3382 1295 3472 aggiutarIO,
1319 3394 1354 3455 et
1373 3380 1442 3451 Dio
1463 3382 1509 3449 N.
1533 3384 1606 3451 S.c

378 3496 422 3563 da
437 3516 556 3582 sperar
571 3497 594 3562 l'
613 3494 807 3585 aggiuteri,
825 3495 952 3585 perche
968 3500 1102 3567 almeno
1118 3499 1200 3587 pa're
1216 3497 1342 3567 habbia
1358 3520 1443 3566 uaso
1459 3497 1503 3566 de
1530 3497 1604 3586 giu·

378 3612 468 3678 dicio
483 3613 650 3692 naturale,
669 3611 717 3680 dil
733 3614 798 3683 che
815 3636 897 3702 pare
913 3636 985 3682 non
1001 3618 1045 3682 ha
1062 3627 1183 3703 troppo
1196 3617 1226 3683 T
1227 3615 1350 3685 hadeo.

446 3726 547 3795 Circa
562 3726 585 3794 il
600 3730 791 3815 procedere
807 3731 851 3799 de
866 3750 935 3797 vno
955 3752 1018 3817 per
1039 3732 1071 3798 la
1092 3730 1202 3800 classe
1222 3731 1351 3813 infima,
1375 3732 1420 3797 V.
1443 3732 1485 3797 R.
1510 3730 1606 3816 potri

379 3840 529 3911 scriuere
545 3844 577 3910 al
595 3845 707 3913 Padre
724 3845 969 3928 commissari03
988 3856 1023 3915 et
1039 3866 1137 3916 come
1154 3846 1259 3915 arriui
1279 3846 1303 3913 il
1325 3846 1438 3914 Padre
1458 3846 1528 3911 don
1548 3845 1606 3912 ΕΙ-

380 3956 470 4043 pidio
486 3960 512 4039 ⁰,
530 3957 558 4024 si
575 3963 675 4045 potra
691 3960 808 4027 ueder'
826 3958 848 4027 l'
864 3961 1010 4047 aggiuto
1025 3963 1090 4030 che
1105 3961 1136 4029 si
1152 3965 1250 4048 petra
1265 3962 1337 4028 dar.

446 4072 597 4141 Giouedi
614 4074 783 4161 gionscno
800 4075 904 4162 quelli
921 4097 1024 4157 noue,
1042 4055 1093 4144 fra
1110 4077 1133 4142 li
1154 4077 1246 4161 quali
1267 4099 1326 4145 era
1349 4076 1465 4143 Pietro
1489 4074 1609 4142 Adria·

380 4212 436 4253 no.
457 4188 670 4275 Aspettiamo
687 4190 709 4255 l'
728 4188 805 4258 altri
821 4190 872 4259 sei
887 4190 923 4257 in
940 4194 1059 4272 breue,
1078 4192 1203 4278 perche
1219 4192 1404 4279 partim08
1420 4191 1458 4259 di
1473 4194 1520 4260 fa.

433 4450 440 4482 ¹
480 4446 522 4501 Ex
536 4446 638 4503 codice
653 4448 773 4521 Regest.
788 4448 814 4515 I,
828 4447 878 4504 fol.
896 4447 963 4519 34v.
1107 4454 1119 4485 ¹
1157 4450 1288 4521 joannes
1301 4447 1444 4508 Victoria.

433 4538 443 4567 ³
480 4534 657 4593 Thaddaeus
671 4538 823 4593 Amaroni.
1110 4542 1123 4575 ⁴
1159 4537 1236 4594 Vide
1248 4538 1405 4611 epistolam
1414 4539 1608 4611 superiorem.

432 4627 444 4660 ⁵
481 4625 610 4696 joannes
624 4626 784 4699 Antonius,
798 4627 1016 4701 neapolitanus,
1029 4629 1077 4686 cui
1091 4630 1217 4702 epistole
1229 4626 1301 4684 3810
1311 4626 1493 4684 inscribitur.

432 4717 444 4749 ⁰
482 4714 615 4786 Elpidius
630 4716 801 4787 Ugolettus.
