3567 5409
428 463 481 533 456
807 464 1014 522 Mortuum
1032 462 1210 518 lanariam

392 616 458 683 che
474 615 563 683 uada
577 614 614 681 in
629 614 871 702 peragrinagio
887 637 907 683 a
923 614 1014 703 picdi
1029 615 1113 683 nudi
1129 616 1195 683 alla
1208 614 1359 683 Madona
1373 614 1418 684 de
1430 615 1567 696 boceto,
1584 627 1616 685 et

391 731 428 798 di
455 732 487 798 la
516 752 630 817 uenga
656 752 677 797 a
701 733 810 799 Roma
837 732 870 798 al
893 732 995 799 modo
1018 730 1223 801 medessimo
1245 752 1267 798 a
1288 730 1467 800 dimandar
1489 730 1615 801 miaeri

393 847 522 915 cordia.

459 964 657 1049 imcriptio.
676 964 845 1051 bologna,
864 964 932 1031 don
949 964 977 1031 F
978 984 1155 1031 tannaco.

955 1135 1064 1217 3734

608 1277 749 1345 PATRI
768 1276 957 1366 JACOBO
981 1278 1143 1348 LAINlO
1169 1278 1230 1345 EX
1254 1277 1406 1347 COMM.

782 1423 870 1467 noua
884 1426 902 1481 9
914 1421 1110 1466 smannens
1125 1408 1194 1479 1553
1210 1416 1229 1467 ¹.

390 1526 526 1599 Acceptis
548 1524 659 1582 littaris
681 1526 935 1598 respondet—De.
955 1527 1137 1583 canonicatu
1155 1526 1287 1599 quodam
1306 1542 1372 1581 cum
1396 1524 1454 1583 Sti.
1470 1524 1617 1599 Jooneini
1738 1535 1740 1546 '

445 1614 570 1671 aedibus
589 1616 901 1687 permutanda-De
921 1616 1043 1673 abbatia
1064 1633 1083 1669 a
1106 1613 1218 1671 Corolo
1246 1615 1272 1669 V
1290 1615 1475 1671 munci
1496 1614 1615 1688 coliagio

443 1703 736 1761 attribuenda-De
747 1705 835 1761 robus
844 1704 1057 1779 genuensibus.

460 1822 533 1887 Pax
549 1820 607 1890 X.¹

459 1939 526 2004 Per
546 1937 660 2023 quella
681 1936 726 2006 de
746 1936 803 2005 doi
823 1938 867 2005 de
887 1937 1099 2018 Settembre,
1123 1936 1168 2005 de
1190 1936 1235 2004 V.
1261 1938 1318 2016 R..
1348 1936 1478 2005 intesse
1505 1938 1549 2003 N.
1573 1938 1611 2003 P.

391 2064 524 2137 quanto
541 2050 610 2120 bon
627 2054 729 2120 modo
744 2054 788 2119 de
804 2052 967 2140 negociar
982 2052 1058 2119 abia
1076 2065 1197 2121 tenuto
1217 2054 1260 2120 V.
1286 2053 1327 2119 R.
1345 2073 1410 2119 con
1430 2054 1464 2119 la
1479 2052 1614 2141 signora
1738 2113 1739 2116 ,

390 2166 562 2236 duchessa
578 2170 603 2248 ’ς
622 2177 657 2235 ct
673 2189 742 2236 non
759 2168 805 2233 mi
820 2168 1034 2255 maraneglio
1050 2170 1116 2237 che
1133 2189 1203 2235 non
1219 2167 1250 2235 ci
1266 2170 1311 2234 ha
1331 2168 1426 2235 datta
1440 2169 1473 2235 la
1489 2168 1614 2255 colpaa
1738 2163 1739 2166 ’

393 2283 436 2349 N.
459 2284 514 2364 P„
534 2282 575 2350 nc
593 2283 760 2370 imputato
775 2306 796 2351 a
812 2294 967 2371 peccato,
982 2283 1192 2371 pigliandolo
1205 2296 1296 2349 tutto
1307 2305 1410 2370 sopra
1420 2283 1456 2351 di
1466 2306 1506 2353 se
1517 2285 1560 2352 V.
1573 2284 1611 2351 R.

457 2398 523 2465 Del
539 2400 742 2467 canonicato
758 2410 793 2467 ct
808 2393 845 2466 di
857 2410 948 2467 tutto
959 2399 983 2465 il
999 2410 1092 2466 resto
1104 2421 1172 2467 non
1189 2398 1220 2467 c'
1236 2401 1282 2467 i*
1293 2401 1392 2480 altro,
1407 2422 1446 2469 se
1462 2422 1532 2467 non
1543 2422 1612 2487 pre·

389 2534 495 2599 gamo
512 2513 608 2581 Iddio
623 2513 647 2579 il
664 2525 754 2581 tutto
770 2516 919 2584 suceeda
935 2536 1034 2585 come
1048 2514 1099 2584 sia
1114 2536 1175 2603 per
1189 2515 1348 2604 maggior
1363 2537 1429 2583 suo
1440 2515 1579 2584 seruitio
1589 2517 1611 2581 ¹.

392 2626 431 2697 L'
448 2630 573 2697 andata
590 2648 654 2717 pur
670 2630 704 2697 di
721 2631 869 2699 Genoua
889 2652 959 2698 non
979 2631 1079 2712 cessi3
1102 2642 1136 2699 et
1159 2653 1220 2719 per
1239 2631 1272 2698 la
1291 2630 1433 2718 signora
1448 2617 1613 2701 'duchecsa

388 2742 447 2813 aib
464 2746 536 2813 fari
554 2744 720 2828 oratione,
738 2768 836 2815 come
851 2748 896 2815 V.
915 2748 957 2815 R.
972 2748 1005 2815 la
1018 2748 1107 2817 uole.

459 2860 495 2931 S'
512 2864 556 2930 V.
577 2863 618 2929 R.
638 2884 707 2929 non
723 2864 768 2930 ha
782 2862 896 2931 inteso
909 2874 924 2904 ⁰
937 2864 1028 2931 della
1043 2864 1097 2930 2.⁸
1110 2862 1259 2945 abbatia,
1274 2865 1339 2932 che
1350 2864 1373 2929 il
1386 2863 1612 2951 imporatore‘¹

390 2976 436 3043 ha
451 2996 617 3045 concesso
632 2998 692 3065 per
708 2978 732 3045 il
749 2979 897 3067 collegio
912 2981 957 3048 de
972 2978 1124 3049 Massiua
1139 2980 1166 3061 ⁴,
1184 2979 1220 3046 ui
1237 2979 1283 3046 do
1294 2978 1404 3059 auiao,
1419 2994 1455 3047 et
1467 3000 1612 3067 peruano

388 3091 514 3179 pigliar
531 3116 599 3164 una
615 3095 705 3181 dopo
721 3095 754 3161 la
770 3094 840 3163 vita
855 3095 911 3163 del
927 3094 1071 3163 vecchio
1086 3106 1100 3137 ⁸
1113 3097 1137 3176 ⁸,
1152 3098 1217 3163 che
1228 3094 1352 3163 dicono
1363 3096 1388 3161 ti
1401 3096 1517 3165 ualere
1527 3095 1611 3165 mille

390 3229 488 3275 onze.
508 3211 586 3277 Non
603 3212 751 3277 mancha
766 3211 853 3277 altro
868 3214 934 3280 che
949 3224 1055 3298 gente
1070 3211 1106 3279 in
1122 3210 1227 3296 quell'
1249 3209 1346 3291 isola,
1364 3211 1397 3278 la
1418 3212 1519 3298 quale
1533 3210 1611 3279 ceci

387 3322 493 3405 fosse,
512 3324 606 3393 molti
623 3324 760 3413 collegii
776 3326 805 3392 si
823 3326 953 3403 foriano
967 3327 1004 3393 di
1018 3348 1153 3398 nuouo.

442 3538 457 3567 ι
493 3539 552 3579 non
573 3522 600 3578 ci
623 3522 639 3578 ὲ
663 3541 723 3581 ma.
762 3526 814 3567 -b
834 3524 863 3579 ci
885 3541 941 3580 ms.
978 3537 1026 3567 -ο
1044 3524 1162 3579 intenso
1184 3539 1239 3581 ms.
1280 3525 1329 3568 -d
1348 3524 1525 3597 iemperator
1545 3541 1600 3579 nee.

390 3628 438 3657 -e
458 3614 569 3668 veceho
582 3630 639 3669 ma

444 3786 451 3817 ¹
492 3784 535 3839 Ex
548 3784 651 3840 codice
665 3784 783 3857 Rogant.
797 3785 822 3850 I,
837 3784 887 3844 fol.
902 3783 972 3841 23v.

442 3878 452 3907 v
491 3874 636 3930 Eleonora
648 3872 686 3929 de
698 3874 815 3934 Toleto.
916 3922 922 3934 .

442 3963 454 3997 ⁸
492 3964 537 4018 De
550 3964 606 4019 hoc
619 3962 795 4035 sacerdotio,
809 3962 887 4038 quod
900 3963 1067 4020 donandum
1084 3974 1148 4021 erat
1160 3966 1208 4022 nin
1224 3965 1495 4039 compensationem
1514 3960 1608 4019 Sancti

384 4052 554 4125 Joannini»,
571 4052 705 4108 videatur
719 4052 898 4125 Pobanctss,
913 4052 1038 4118 Cicron„
1051 4054 1104 4127 111,
1117 4055 1154 4125 69
1165 4064 1196 4111 et
1208 4069 1256 4127 70,
1269 4072 1307 4111 ex
1324 4070 1384 4129 qno
1400 4062 1516 4109 constat
1528 4052 1609 4109 tertia

387 4141 566 4198 Novembris
579 4141 616 4196 ad
629 4142 725 4201 Stum.
740 4142 918 4213 Joanninurn
932 4153 1049 4199 nostroe
1062 4145 1216 4215 migraaee.

443 4234 455 4267 ⁴
493 4230 674 4301 Focaneus,
691 4231 1029 4304 Chron.,111,223·225.

442 4322 454 4357 ⁸
491 4320 598 4393 Agitur
611 4320 803 4392 proculdubio
816 4320 854 4375 de
867 4322 986 4377 abbatia
998 4320 1037 4381 Ο.
1051 4322 1139 4394 cisa,
1153 4339 1229 4397 quae
1242 4324 1298 4379 sub
1315 4320 1435 4377 nomine
1452 4320 1537 4377 divae
1552 4320 1607 4375 lin·

386 4410 448 4466 riae
467 4410 583 4466 Roccae
603 4408 753 4466 Amatoris
771 4413 1017 4486 cognoscebatur,
1036 4428 1128 4485 prope
1150 4413 1315 4468 Messanam
1334 4412 1401 4481 nite,
1421 4410 1506 4483 cujus
1522 4410 1608 4465 abbas

385 4516 480 4555 aenex
500 4510 573 4557 erat.
594 4498 659 4554 Hoc
679 4509 778 4556 tamen
797 4499 951 4571 negotium
969 4500 1019 4557 diu
1034 4510 1213 4574 protractum
1232 4511 1290 4567 eat,
1309 4499 1446 4557 nimirum
1466 4516 1556 4571 usque
1572 4497 1606 4553 ad

381 4606 495 4645 annum
511 4590 589 4658 1556,
603 4604 662 4661 quo
675 4587 794 4644 tandem
807 4590 910 4661 abbas,
924 4591 992 4665 aqui
1008 4590 1089 4663 priua
1106 4592 1193 4662 longe
1206 4590 1292 4646 aliter
1303 4586 1480 4659 sentiebat»,
1496 4589 1526 4644 in
1537 4588 1606 4644 banc
1672 4580 1677 4588 ’

379 4678 563 4743 nectentiam
577 4676 740 4733 descendit.
755 4676 802 4738 Cf.
817 4676 999 4745 Focaneus,
1016 4678 1140 4744 Cicron„
1154 4676 1394 4752 V1,³17et318.
