3567 5409
589 436 865 511 &omilin-21
886 438 1057 499 Ocnooms
1078 434 1148 509 1553
1397 448 1450 507 597

317 596 363 665 Se
379 596 402 661 il
416 598 456 663 P.
473 598 576 663 Mtro.
596 596 795 663 Bernardo⁸
812 616 882 661 non
896 592 978 660 sossi
990 604 1131 679 passato
1142 592 1242 675 oltre,
1257 593 1302 660 V.
1321 593 1362 659 R.
1376 593 1401 657 l'
1419 595 1482 658 ha-

254 710 364 779 uisari
381 714 446 779 che
463 712 509 781 N.
529 713 568 778 P.
588 712 607 779 ὲ
621 721 787 781 contento
804 708 896 779 meni
913 731 994 779 seco
1006 710 1177 815 Tomaso.

317 828 512 914 Inscriptio.
533 830 565 897 A
584 829 752 914 Bologna,
770 847 831 915 per
846 826 870 893 il
887 824 999 895 Padre
1014 828 1083 893 don
1100 826 1306 893 Francesco.

817 1026 910 1107 3841

453 1178 592 1245 PATRI
610 1177 787 1267 JOANNI
810 1174 1074 1246 BAPTISTAE
1100 1175 1278 1243 VIOLAE

647 1322 737 1367 noun
751 1320 784 1365 21
799 1322 958 1385 ocnooms
974 1306 1043 1379 1553
1060 1312 1080 1366 ¹.

252 1424 344 1499 Optat
356 1430 389 1481 ul
402 1427 599 1483 convalescat.
607 1426 683 1481 -Do
695 1425 859 1481 vendendis
872 1424 1007 1490 odilus,
1021 1441 1097 1496 quos
1110 1422 1247 1479 Formae
1266 1422 1354 1478 Violo
1370 1423 1480 1479 obtine·

300 1515 535 1571 lon-Limne
547 1516 589 1571 od
604 1516 639 1573 Ρ.
655 1514 1100 1570 Pellelorinm.-Brovilaiom
1117 1515 1149 1568 in
1158 1511 1332 1585 fundendis
1341 1512 1481 1584 precibus

300 1607 501 1663 commendat.

806 1722 911 1809 Jesus

313 1856 385 1923 Pax
401 1854 459 1923 X}

312 1973 353 2039 L'
379 1970 496 2039 ultime
518 1973 561 2040 de
577 1972 620 2039 V.
641 1973 682 2039 R.
706 1992 791 2039 sono
814 1971 858 2037 de
880 1972 923 2037 28
944 1972 1001 2041 del
1023 1982 1178 2056 nasseto,
1204 1981 1240 2037 et
1263 1971 1478 2040 desideramo

246 2087 424 2156 intendere
439 2110 531 2156 noua
547 2088 636 2155 della
652 2109 715 2155 sua
731 2085 1016 2169 conuallesentia,
1042 2108 1080 2153 se
1101 2087 1174 2154 cosi
1190 2086 1327 2173 piaceri
1345 2110 1365 2155 a
1380 2088 1478 2155 lddio

246 2203 289 2269 N.
310 2205 349 2273 S.

309 2321 354 2387 D'
373 2318 450 2386 altri
471 2318 602 2405 negotii
618 2340 688 2386 non
712 2318 825 2385 uorria
845 2317 912 2383 dir'
933 2339 995 2404 per
1017 2329 1158 2403 questa,
1183 2340 1244 2404 per
1263 2340 1332 2385 non
1354 2318 1377 2384 li
1400 2321 1474 2387 dar'

246 2433 417 2521 trauaglio
432 2435 476 2503 de
491 2444 620 2503 mente.

308 2550 408 2619 Della
423 2571 502 2619 casa
519 2550 562 2617 de
579 2552 703 2617 Parma
719 2550 928 2637 respondero
945 2548 980 2615 in
996 2551 1104 2619 breue
1116 2551 1193 2631 che,
1208 2550 1387 2637 potendosi
1401 2562 1474 2618 tro-

242 2688 304 2735 uar
319 2665 456 2753 miglior
471 2666 598 2753 partito
614 2686 679 2733 con
697 2675 847 2753 aspettar
863 2664 978 2733 alcuni
994 2662 1120 2751 giomi,
1142 2688 1180 2733 se
1195 2666 1306 2752 ponia
1321 2678 1475 2753 aspella-

242 2804 290 2864 re;
309 2804 346 2850 se
363 2803 432 2849 non
449 2782 467 2849 ἑ
484 2782 661 2869 probabile
677 2784 742 2851 che
759 2780 788 2849 si
805 2782 913 2849 faccia
929 2782 1057 2870 meglio
1074 2783 1128 2850 col
1149 2794 1332 2868 aspettare,
1359 2785 1404 2854 V.
1428 2785 1469 2851 R.

241 2900 274 2966 lo
289 2900 387 2984 potr&
403 2897 550 2984 espedir.
570 2899 621 2965 La
635 2919 766 2965 somma
782 2900 819 2979 ὁ,
842 2898 885 2966 de
901 2898 1016 2984 quello
1035 2901 1101 2967 che
1120 2898 1149 2964 si
1173 2902 1242 2983 puo
1258 2898 1347 2981 dire,
1366 2904 1431 2969 che
1448 2899 1473 2965 il

241 3034 343 3101 prezo
359 3014 377 3081 ὲ
395 3012 483 3081 assai
499 3014 693 3081 necessario
707 3014 743 3080 di
759 3035 838 3099 qua3
858 3036 913 3081 ma
929 3017 1055 3101 perche
1074 3036 1142 3081 non
1155 3014 1182 3081 si
1195 3015 1300 3081 habbi
1316 3038 1336 3081 a
1352 3017 1470 3083 buttar

240 3130 308 3214 uia,
326 3130 356 3197 si
371 3133 470 3218 potrssa
485 3131 596 3199 hauet
611 3130 775 3217 patientia
792 3131 940 3217 qualche
962 3142 1089 3218 tempo,
1108 3151 1208 3197 como
1222 3132 1311 3199 delle
1327 3142 1416 3199 terre
1433 3134 1472 3199 fu

238 3246 367 3313 scritto.
391 3244 538 3315 Almeno
559 3269 598 3315 se
621 3245 754 3327 desino,
777 3247 879 3331 quelo
901 3250 966 3315 che
987 3249 1079 3314 hano
1095 3246 1139 3313 de
1154 3248 1253 3326 dare,
1272 3246 1308 3313 in
1324 3247 1473 3315 termino

239 3361 296 3447 pii
325 3372 441 3445 curto,
469 3362 707 3431 cominciando
732 3362 854 3429 adesso
877 3384 938 3449 per
963 3385 1032 3432 una
1054 3363 1282 3453 parte‚0saria
1309 3363 1473 3451 maggior

238 3478 455 3545 commoditi.
474 3476 502 3545 ll
519 3489 609 3546 tutto
627 3477 734 3546 faceia
750 3480 794 3545 V.
814 3480 870 3559 R.,
890 3501 959 3545 non
972 3490 1107 3548 ostante
1124 3480 1238 3565 quello
1251 3481 1317 3548 che
1333 3482 1379 3546 ho
1391 3479 1471 3545 det·

240 3604 286 3673 lo,
305 3614 404 3661 como
421 3594 548 3681 meglio
563 3593 587 3660 li
602 3595 735 3681 pareri.

301 3708 344 3776 D'
361 3709 484 3779 alcone
499 3712 585 3778 altre
600 3732 681 3779 cose
696 3708 850 3780 senuero
866 3712 899 3778 al
916 3714 956 3779 P.
977 3710 1158 3779 Peletario.
1174 3712 1220 3781 Se
1236 3712 1268 3777 la
1281 3713 1323 3779 R.
1339 3712 1383 3779 V.
1399 3712 1469 3778 st‘a·

236 3824 272 3891 ri
290 3824 326 3891 in
342 3824 574 3913 despositione
593 3827 637 3894 de
661 3828 794 3913 poterlo
818 3827 1013 3907 intendere,
1039 3827 1063 3892 li
1086 3827 1186 3914 potri
1209 3827 1259 3893 far
1275 3828 1419 3915 leggere
1434 3828 1469 3894 la

235 3942 370 4009 lettera.

301 4056 368 4123 All’
387 4056 532 4125 orationi
548 4059 591 4125 de
612 4058 657 4126 V.
677 4060 718 4127 R.
738 4059 888 4145 (benche
913 4062 1021 4129 breue
1045 4061 1182 4127 debono
1204 4061 1314 4145 esser)
1339 4058 1418 4126 tutti
1434 4058 1467 4125 ci

233 4172 544 4241 raccomandiamo
625 4262 629 4269 Ι
943 4160 948 4168 ’

300 4288 358 4357 Sia
370 4290 453 4377 Jeso
470 4287 536 4356 X.⁰
551 4288 588 4356 in
604 4288 752 4376 aggiuto
771 4300 806 4357 et
822 4290 921 4357 fauor
937 4301 1055 4357 nostro
1072 4290 1250 4358 continuo.
1270 4287 1395 4359 Amen.

284 4492 297 4526 ⁸
334 4491 500 4549 Bernartius
514 4490 675 4551 Oliverius.
733 4496 736 4505 “

284 4672 293 4704 ¹
331 4672 376 4727 Ex
388 4671 491 4729 codice
504 4674 623 4747 Regni.
639 4676 665 4743 l,
685 4674 737 4735 lol.
751 4687 818 4745 77v.
