3567 5409
1033 491 1234 546 Ειηετ.
1276 490 1586 560 3925--22
1627 490 2003 546 Novnussms
2041 488 2179 559 1553
2643 502 2747 560 715

355 644 638 725 quando
672 645 925 712 accade
956 644 1000 709 il
1035 645 1407 726 contrario;
1443 657 1514 712 et
1545 647 1636 712 N.
1684 648 1764 712 P.
1816 645 2018 712 lauda
2062 646 2274 711 molto
2316 643 2476 713 nelli
2521 644 2734 709 nostri
2782 644 2826 708 il

355 761 734 844 procedere
764 759 986 826 simile
1018 760 1087 825 in
1122 773 1368 846 questa
1393 772 1589 850 parte
1620 763 1684 828 al
1717 761 1922 828 modo
1954 761 2115 828 delli
2148 760 2430 847 angelli.

491 877 647 943 Non
682 862 882 956 altr0,
918 898 994 944 se
1028 898 1168 943 non
1199 879 1332 944 che
1365 876 1477 944 all’
1509 877 1801 945 orationi
1832 880 1920 944 de
1953 880 2041 945 V.
2080 866 2167 946 Rss
2205 879 2416 944 molto
2448 877 2542 943 mi
2592 899 2822 944 racco-

354 991 610 1058 mando
919 1073 925 1078 ²

493 1110 600 1174 De
635 1110 849 1174 Roma
884 1127 966 1174 22
1000 1111 1086 1176 de
1121 1111 1516 1177 Nouembre
1560 1126 1756 1194 1553.

491 1223 887 1309 Inscriptio,
930 1229 995 1292 A
1028 1225 1326 1307 Vienna,
1365 1228 1428 1292 al
1462 1229 1545 1293 P.
1584 1226 1874 1294 Nicolao
1907 1228 2279 1295 GaudanO.

1489 1426 1699 1507 3925

941 1578 1595 1645 GREGORIO
1667 1577 2247 1645 HOLONIO

1152 1723 1328 1765 ROMA
1357 1724 1427 1764 22
1454 1722 1820 1766 noveramus
1851 1708 1990 1779 1553
2020 1714 2061 1765 ¹.

522 1825 600 1878 Βε
611 1826 889 1879 nevolum
916 1843 1068 1900 erga
1095 1826 1277 1881 illum
1304 1824 1582 1881 animum
1611 1825 1891 1890 ostendit,
1920 1830 1978 1881 et
2003 1824 2271 1898 officium
2298 1842 2475 1879 suum
2502 1825 2671 1893 apud

767 1916 1165 1970 Vishavaeum
1186 1919 1305 1987 pro
1336 1915 1639 1988 Gregorio
1663 1933 1723 1971 se
1736 1914 2061 1987 facturum
2083 1913 2429 1987 pollicetur.

500 2045 644 2108 Pax
677 2040 958 2108 Christi.

495 2159 665 2224 Rde.
703 2157 977 2223 domine
1009 2157 1334 2243 Gregori.

494 2273 731 2341 Serius
763 2251 1062 2357 quidem,
1102 2275 1223 2340 sed
1256 2295 1495 2342 omnes
1528 2274 1760 2341 literas
1792 2285 2056 2339 vestras
2088 2271 2322 2360 accepi
2366 2294 2524 2339 cum
2568 2272 2830 2358 suppli-

358 2387 651 2454 cationis
685 2389 998 2470 formula‚
1036 2400 1104 2454 et
1138 2389 1340 2455 simul
1373 2411 1530 2455 cum
1563 2388 1810 2457 litteris
1845 2391 1923 2455 P.
1964 2388 2150 2455 Mtri.
2182 2387 2470 2455 Adriani
2495 2388 2830 2473 legendas

358 2505 518 2570 dedi
549 2506 636 2571 D.
677 2505 999 2571 Cornelio
1031 2505 1433 2572 Wiscauen.
1471 2505 1856 2592 Scripserat
1900 2505 2033 2571 iam
2066 2505 2180 2572 ille
2222 2508 2317 2591 (vt
2360 2504 2527 2569 mihi
2570 2504 2826 2582 retulit}

363 2623 442 2686 Ρ.
482 2619 795 2686 Adriano
829 2623 993 2705 quid
1026 2621 1095 2687 in
1128 2621 1357 2716 animo
1382 2623 1690 2702 haberet,
1720 2631 1790 2689 et
1815 2623 2047 2688 denuo
2075 2621 2145 2686 id
2173 2622 2397 2688 faciet.
2429 2622 2543 2687 Ab
2568 2640 2652 2685 eo
2679 2632 2826 2705 pot-

289 2777 305 2797 .
355 2735 488 2803 erit
522 2745 643 2802 tua
673 2737 972 2803 charitas
1003 2737 1393 2823 intelligere
1425 2739 1475 2802 ’.
1516 2739 1839 2804 Nondum
1883 2736 2145 2804 emissit
2188 2737 2710 2824 professionem,
2758 2752 2826 2800 et

360 2851 755 2937 priusquam
791 2852 1059 2920 emittat
1091 2855 1349 2919 curabo
1381 2865 1455 2919 vt
1490 2853 1589 2919 tui
1622 2853 1710 2919 sit
1745 2874 2003 2921 memor
2035 2864 2105 2919 et
2146 2853 2449 2938 resignet
2485 2851 2608 2918 tibi
2643 2848 2826 2917 illam

358 2968 833 3053 capellaniam,
869 2968 1000 3034 nisi
1035 2992 1116 3036 ea
1149 2970 1322 3035 ratio
1352 2968 1720 3049 obstiterit,
1758 2991 1963 3055 quam
1997 2968 2144 3054 ipse
2169 2968 2405 3034 scribit
2443 2971 2532 3034 D.
2572 2968 2818 3034 Adria-

359 3104 472 3162 n0,
511 3082 709 3149 cuius
744 3086 1338 3152 commendatione
1370 3096 1442 3151 et
1472 3084 1863 3151 testimonio
1896 3095 2163 3151 vestrae
2208 3083 2564 3170 probitatis
2607 3095 2679 3149 et
2718 3084 2782 3148 in
2806 3124 2822 3128 -

357 3198 700 3283 tegritatis
732 3200 851 3267 fiet
886 3210 956 3264 vt
990 3200 1160 3266 nulli
1201 3223 1337 3285 ego
1381 3199 1609 3267 officio
1640 3200 1896 3268 dessim
1930 3201 2040 3267 vel
2074 3200 2144 3266 in
2186 3203 2317 3266 hac
2349 3212 2571 3286 parte,
2609 3201 2718 3265 vel
2754 3200 2822 3264 in

357 3313 530 3393 aliis,
576 3315 689 3380 vbi
734 3315 1168 3401 aliquomodo
1210 3332 1371 3384 tuae
1412 3315 1730 3383 charitati
1774 3316 2115 3382 commodi
2162 3315 2527 3400 quicquam
2574 3336 2826 3400 procu-

356 3451 508 3496 rare
544 3440 782 3515 potero
814 3431 900 3497 ad
934 3432 1063 3498 Dei
1098 3433 1416 3518 gloriam.

493 3547 577 3611 Et
611 3546 1037 3614 orationibus
1069 3548 1342 3615 interim
1379 3548 1626 3616 vestris
1659 3571 1768 3616 me
1802 3549 2165 3616 comendo.

492 3663 746 3728 Romae
781 3681 863 3729 22
899 3664 1314 3730 Nouembris
1354 3679 1542 3748 1553.

496 3779 894 3863 Inscrz'piiO.
932 3781 1067 3845 Per
1098 3781 1465 3867 Gregorio,
1505 3781 1574 3847 in
1609 3785 1948 3857 LouaniO.

465 3982 481 4014 ¹
560 3984 647 4036 Ex
672 3983 878 4040 codice
906 3988 1144 4059 Regest.
1177 3990 1227 4053 1,
1257 3989 1356 4047 fol.
1387 4004 1555 4045 ztov.

461 4073 484 4105 ’
561 4071 712 4126 Vide
741 4073 1050 4145 epistolam
1080 4088 1451 4150 sequentem.
