3567 5409
423 438 476 508 526
803 438 1010 495 honoriam
1028 438 1207 495 lenimina

387 587 601 677 siespediri,
620 602 655 658 et
671 591 718 658 V.
737 592 779 657 R.
799 588 847 678 gli
863 590 987 677 puotri
1002 588 1081 657 dire*
1092 592 1159 657 che
1175 585 1244 657 non
1260 589 1412 657 lasciano
1425 590 1459 656 la
1479 612 1611 677 promo·

395 704 487 773 tione
502 714 594 772 sotto
609 716 730 790 questa
746 727 921 791 promessa
936 728 996 792 per
1012 688 1120 775 hauer
1135 707 1220 773 altra
1240 726 1357 773 nuoua
1376 704 1608 793 suplicatione.

456 820 521 891 Del
539 818 686 889 retinere
703 819 737 888 di
754 822 786 887 la
802 820 826 886 il
843 819 977 890 fratello
993 822 1132 889 Andrea
1147 819 1290 889 Frisone
1301 822 1330 914 ⁸,
1342 822 1386 888 V.
1402 822 1444 889 R.
1458 820 1487 887 si
1499 821 1608 890 acordi

386 938 444 1007 col
461 937 571 1005 Padre
586 935 810 1023 prouinciale.
908 1016 911 1023 Ι
1535 915 1538 919 ⁴

458 1054 565 1121 Altro'
582 1074 652 1119 non
676 1053 802 1120 accade
823 1050 897 1119 dire
917 1052 953 1119 in
973 1052 1131 1140 risposta.
1153 1051 1219 1120 Noi
1236 1052 1344 1120 siamo
1364 1074 1426 1140 per
1447 1053 1479 1119 la
1497 1052 1609 1119 diuina

387 1170 501 1259 gratia
519 1150 593 1237 sani
618 1168 707 1237 etei
735 1166 1037 1237 racommandiano
1060 1168 1117 1235 all’
1142 1167 1289 1236 orationi
1315 1167 1374 1261 [et]
1399 1167 1541 1236 sacrifici
1567 1170 1611 1237 de

394 1284 438 1355 V.
453 1288 495 1354 R.
514 1294 550 1355 et
565 1286 609 1353 de
624 1285 644 1351 l'
662 1282 740 1351 altri
755 1284 790 1352 in
803 1283 945 1351 Christo
960 1283 1132 1352 charisimi
1147 1284 1258 1353 nostri
1273 1284 1411 1355 fratelli.
1428 1284 1487 1355 Sia
1504 1285 1610 1355 Giesh

390 1402 531 1470 Christo
547 1414 561 1441 ⁸
577 1400 613 1467 in
629 1400 749 1487 agiuto
767 1402 809 1468 de
826 1398 906 1467 tutti
922 1398 949 1467 ¹³.
966 1402 1094 1469 Amen.
1661 1386 1665 1393 ’

455 1520 510 1587 De
525 1518 633 1585 Roma
649 1534 691 1600 27
709 1514 744 1582 di
759 1516 953 1585 Settembre
973 1532 1069 1602 1553.

456 1634 652 1719 Inscriptio.
672 1634 705 1700 Α
724 1632 893 1713 Palermo,
911 1654 973 1719 per
989 1631 1012 1698 il
1029 1632 1224 1701 Padre·don
1240 1630 1358 1701 Paolo.

947 1803 1052 1886 ³786

539 1944 682 2013 PATRI
699 1944 875 2034 JOANNI
902 1942 1198 2014 PELLETARIO
1222 1946 1285 2013 EX
1308 1945 1462 2013 COMM.

769 2089 857 2134 noim
869 2074 907 2133 30
919 2088 1116 2134 sammitis
1131 2076 1201 2147 1553
1218 2078 1238 2137 ¹.

390 2194 497 2252 Patris
523 2194 626 2251 Violac
646 2194 770 2251 morbus
791 2198 820 2251 ci
844 2194 978 2249 sanatio:
998 2193 1064 2266 ojus
1084 2212 1161 2251 cura
1186 2195 1354 2252 Peiieiario
1374 2195 1609 2251 commendam.

899 2285 945 2341 Do
957 2284 1112 2358 apologia.

457 2396 529 2463 Pax
546 2392 603 2461 Χ.ἰ

441 2490 498 2578 'L’
515 2509 636 2578 ultime
652 2510 697 2578 de
712 2509 755 2576 V.
776 2511 817 2578 R.
836 2531 925 2577 sono
940 2510 984 2577 de
996 2510 1099 2578 21ch
1109 2520 1281 2597 presente,
1296 2510 1386 2577 doue
1407 2492 1609 2577 intendiamo

386 2624 479 2695 della
495 2624 657 2693 infirmiti
673 2626 731 2693 del
749 2626 859 2693 Padre
875 2624 1109 2693 commissario
1125 2628 1137 2660 ¹
1153 2637 1187 2694 et
1204 2625 1396 2693 curatione.
1414 2626 1496 2692 Non
1517 2622 1610 2690 dubi·

390 2739 494 2810 tiamo
511 2743 623 2810 chela
640 2744 680 2809 R.
701 2744 746 2810 V.
765 2741 790 2807 l’
806 2742 986 2810 acarezera
1001 2762 1099 2811 come
1113 2740 1295 2822 conuiene,
1313 2753 1348 2808 et
1359 2740 1432 2807 cosi
1450 2742 1498 2810 N.
1517 2742 1556 2807 P.
1580 2738 1610 2804 ui

386 2850 422 2925 lo
437 2857 666 2927 aricomanda.
685 2857 775 2926 Delli
791 2855 923 2943 negotii
939 2876 977 2927 se
992 2856 1105 2926 scriue
1124 2879 1145 2924 a
1164 2857 1226 2939 lui;
1248 2867 1285 2925 et
1310 2866 1406 2923 tanto
1428 2855 1486 2944 pih
1508 2855 1611 2924 breue

390 2975 477 3043 saro.
495 2975 538 3042 V.
558 2974 615 3054 R.,
634 2996 672 3042 se
688 2976 787 3060 potra
803 2971 1010 3039 scaricharlo
1026 2971 1061 3038 in
1077 2972 1223 3058 qualche
1238 2994 1332 3057 cosa,
1350 2972 1384 3038 lo
1401 2972 1521 3040 faccia.

457 3089 557 3157 Circa
573 3089 606 3156 ia
622 3088 796 3177 apologia,
814 3098 897 3168 etc.,
916 3089 960 3156 V.
976 3090 1017 3156 R.
1036 3088 1115 3157 lassi
1132 3111 1152 3155 a
1172 3110 1227 3156 me
1248 3088 1270 3155 il
1295 3087 1466 3175 pensiero,
1488 3086 1610 3175 purchi

387 3197 423 3273 le
434 3224 515 3272 cose
532 3227 592 3291 per
610 3205 629 3270 l'
652 3202 792 3273 auenire
813 3203 941 3271 uadino
961 3204 1111 3272 secondo
1132 3205 1164 3271 la
1184 3213 1301 3271 mente
1321 3204 1425 3272 de·N.
1446 3204 1502 3288 P,
1519 3222 1611 3269 come

388 3340 491 3408 spero
506 3321 703 3387 andaranno
724 3322 749 3387 ³.
1339 3390 1345 3401 ,

456 3436 524 3502 All'
540 3436 687 3504 orationi
706 3438 749 3504 de
765 3437 812 3507 V.
829 3438 871 3505 R.
892 3436 973 3504 tutti
990 3436 1095 3504 molto
1111 3435 1143 3503 ci
1159 3435 1468 3504 raccomandiamo.

455 3555 510 3621 De
523 3554 631 3621 Roma
644 3572 687 3641 3o
704 3553 748 3620 de
764 3552 963 3621 Settembre
983 3567 1079 3638 1553.

459 3668 653 3755 Inscriptio.
674 3669 707 3736 A
724 3668 752 3736 F
753 3690 860 3735 erara.

444 3890 458 3919 ι
494 3872 629 3931 Christro
642 3892 702 3931 ms.
741 3876 794 3919 -b
812 3873 888 3930 touti
901 3889 956 3933 ma.

444 4067 456 4100 ⁸
493 4062 628 4121 Andreas
641 4064 807 4135 Boccstius,
822 4062 887 4121 sive
901 4062 1023 4119 Frisios.

445 4216 452 4243 ⁴
491 4214 536 4270 Ex
549 4212 652 4271 codice
666 4214 784 4286 Καμεὶ.
800 4214 826 4281 1,
840 4211 890 4271 iol.
904 4210 965 4270 331.

444 4308 455 4339 ¹
493 4305 622 4376 Joannes
636 4304 701 4358 Bta.
716 4302 813 4358 Violc.

445 4394 457 4427 ³
493 4394 586 4465 Haec,
601 4394 726 4448 obscura
739 4391 824 4462 satis,
838 4391 964 4459 intelligi
973 4390 1092 4465 quidem
1106 4406 1192 4462 posse
1206 4390 1410 4447 existimamus
1427 4408 1466 4447 ex
1481 4390 1528 4461 iis,
1542 4404 1609 4465 quic

390 4482 481 4539 tradit
495 4482 680 4553 roiricus,
696 4478 821 4545 Chron,
836 4479 887 4549 ΙΙΙ,
906 4492 966 4549 ¹42-
