3567 5409
423 451 476 503 618
800 449 1010 505 Mononnra
1026 449 1205 503 lonnsinnn

330 603 332 608 ’
389 621 511 668 manco
527 602 646 683 latin0,
665 603 729 668 che
746 603 836 668 forse
851 603 996 668 bastaua
1011 624 1072 688 per
1087 602 1111 668 il
1126 602 1273 689 disegno
1290 603 1347 670 del
1362 600 1510 686 collegio
1525 611 1540 638 ¹
1555 620 1612 664 no·

389 728 472 799 stro,
491 740 556 804 pur
572 717 600 784 si
617 719 740 784 manda
760 717 795 783 in
823 719 938 803 quelO,
955 728 991 784 et
1005 717 1158 785 studiari
1174 719 1295 785 lettere
1310 719 1354 784 de
1371 715 1562 795 humanitd3
1578 727 1613 782 et

389 845 442 900 sta
470 836 559 902 bene
586 835 642 900 del
658 846 760 901 resto.
788 835 814 899 ll
831 845 935 914 terso,
961 834 1181 917 Sebastiano,
1208 855 1277 900 non
1303 855 1344 900 so
1367 833 1445 918 qual
1467 829 1613 898 reuscita

390 950 474 1018 sard:
494 950 512 1016 ὲ
530 951 694 1035 deputato
707 949 763 1014 alli
778 949 922 1036 seruigii
937 971 1042 1017 sanza
1053 971 1218 1036 speranza
1234 951 1278 1019 de
1294 948 1411 1016 studii.

456 1066 546 1132 Dell’
564 1065 639 1131 altri
656 1085 689 1147 4,
707 1064 731 1130 il
750 1067 788 1132 P.
808 1065 956 1132 Vitloria
970 1077 1005 1132 et
1025 1069 1125 1133 Mtr0.
1139 1062 1316 1154 Gilo]anni
1328 1066 1531 1148 Conspeano
1543 1082 1611 1127 non

390 1200 476 1247 sono
504 1180 621 1246 uenuti
650 1201 776 1246 ancora
799 1201 817 1245 a
842 1183 959 1247 Roma.
978 1181 1037 1248 Gli
1059 1181 1248 1266 aspeliamo
1269 1193 1392 1265 questa
1419 1177 1608 1246 settimana.

392 1299 559 1363 Restorno
575 1296 609 1361 in
628 1295 775 1382 Vinegia
791 1297 893 1362 insin’
916 1319 936 1363 a
957 1306 1054 1363 tanto
1069 1298 1137 1363 che
1153 1297 1321 1365 hauesero
1337 1295 1460 1362 hauiso
1473 1295 1517 1362 de
1533 1313 1609 1378 qua,

391 1424 426 1481 et
442 1411 522 1478 tutti
538 1411 596 1478 doi
612 1433 697 1478 sono
714 1411 875 1480 chiamati
891 1432 953 1497 per
969 1414 1080 1479 Roma
1096 1434 1157 1499 per
1171 1410 1255 1478 boni
1271 1409 1426 1498 respetti.
1451 1408 1611 1495 Angelo⁴

392 1539 427 1594 et
444 1527 619 1596 Aluarado
637 1548 765 1593 uenero
781 1527 890 1614 prima
906 1549 972 1594 con
989 1527 1066 1595 altn‘
1078 1527 1135 1595 doi
1152 1530 1195 1595 de
1211 1529 1330 1594 Padoa
1352 1538 1387 1595 et
1408 1525 1563 1604 Venetia,
1578 1537 1613 1589 et

394 1645 532 1730 Angelo
548 1643 610 1709 cii
628 1643 790 1710 mandato
802 1644 837 1709 io
856 1643 986 1727 Sicilia,
1003 1658 1039 1711 et
1056 1645 1232 1711 Aluarado
1248 1664 1287 1710 se
1303 1642 1449 1730 prouard
1473 1641 1507 1707 in
1523 1661 1610 1720 casa,

392 1771 426 1825 et
443 1760 474 1826 ci
491 1760 617 1826 uederh
638 1761 671 1824 la
692 1759 841 1827 reuscita
861 1763 927 1840 che
948 1761 1033 1827 sard.
1056 1760 1098 1826 Ci
1122 1759 1208 1830 detti
1225 1761 1258 1826 al
1274 1760 1318 1826 P.
1345 1756 1564 1847 Domenlelch
1579 1755 1610 1821 io

320 1905 322 1910 ⁴
392 1875 507 1944 Sicilia
523 1862 546 1940 1⁵
565 1874 744 1941 auisoche
760 1896 962 1944 conueneua
978 1877 1010 1942 d’
1029 1877 1167 1964 Angelo
1184 1880 1210 1946 ⁸.
1228 1879 1331 1944 Mtro.
1350 1871 1610 1942 PietroSehori-

393 1991 470 2058 chio
486 1991 664 2059 attenderd
682 1991 747 2058 alla
764 1992 939 2076 theologia
954 1992 998 2059 de
1014 1995 1117 2061 Sena:
1136 1991 1232 2060 infin'
1251 1993 1373 2058 adesso
1393 1990 1423 2057 si
1439 1990 1458 2056 ὲ
1476 1990 1541 2056 ben
1562 2007 1611 2053 es-

393 2107 557 2176 sercitato
574 2127 618 2171 ne
635 2107 667 2171 la
684 2105 910 2193 philosophia.

459 2224 513 2288 De
532 2222 565 2286 la
586 2221 739 2287 dificultal
761 2222 795 2287 di
817 2223 1001 2291 thudeschi
1021 2222 1192 2291 crediamo
1212 2223 1275 2302 sia,
1300 2233 1336 2290 et
1350 2243 1420 2288 non
1439 2241 1524 2307 poco
1539 2217 1608 2284 sari

396 2340 512 2404 buona
530 2337 585 2403 uia
596 2337 697 2422 quela
709 2339 752 2404 de
769 2340 878 2405 hauet
893 2359 972 2418 casa
988 2360 1049 2424 per
1064 2339 1150 2404 loro.

461 2452 628 2540 Spagnoli
654 2473 758 2520 senza
785 2455 918 2533 lettere,
942 2454 971 2520 si
992 2455 1037 2521 V.
1063 2457 1104 2522 R.
1126 2454 1242 2542 piglia,
1261 2454 1369 2522 faccia
1387 2465 1492 2520 conto
1505 2453 1549 2519 de
1562 2461 1609 2517 le·

395 2568 478 2636 nerli
509 2589 568 2654 per
589 2589 637 2636 se.
662 2569 741 2636 Non
761 2567 792 2634 ci
813 2568 928 2636 mandi
950 2591 1018 2654 qua
1034 2571 1093 2656 pid
1113 2591 1217 2637 senza
1236 2569 1346 2657 prima
1362 2567 1508 2636 auisarci
1530 2567 1610 2632 delle

394 2685 468 2751 loro
483 2683 583 2770 parti,
603 2686 728 2768 perche
745 2685 777 2750 al
793 2697 954 2770 presente
969 2687 1153 2753 habbiamo
1164 2687 1315 2772 bisogno
1326 2685 1363 2752 in
1374 2688 1483 2752 Roma
1494 2685 1529 2750 di
1540 2703 1613 2769 pro·

395 2799 480 2866 uetti
497 2809 531 2866 et
548 2819 616 2864 non
633 2800 676 2868 de
692 2798 880 2886 incipienti,
900 2821 937 2867 se
950 2812 1047 2868 tanto
1062 2801 1232 2889 ingegnio
1247 2823 1316 2868 non
1332 2801 1363 2867 si
1379 2801 1523 2868 uedesse
1535 2820 1555 2865 o
1566 2797 1611 2864 al·

396 2927 447 2983 tre
467 2915 555 3003 parti
574 2913 588 2954 ¹³
611 2914 645 2980 di
666 2915 798 3002 grande
818 2914 1048 2998 edificatione,
1072 2922 1138 2986 che
1159 2918 1430 3004 ricompensasse
1446 2917 1478 2983 la
1493 2913 1611 2984 insoffi·

396 3031 514 3099 cienza
530 3033 574 3100 de
590 3033 722 3100 lettere.

462 3148 563 3214 Circa
579 3147 602 3213 il
618 3148 754 3235 colegio
771 3150 806 3216 in
822 3151 945 3236 Legge
956 3170 1028 3216 non
1041 3152 1086 3216 ha
1102 3148 1222 3216 scritto
1238 3150 1355 3217 niente
1370 3147 1394 3215 il
1410 3148 1528 3240 signos
1546 3143 1611 3213 Pit-

396 3263 489 3331 tauia
500 3267 526 3330 ⁸.
548 3263 698 3350 Quando
714 3265 878 3360 sonuere,
898 3264 926 3330 si
943 3265 1070 3331 uedera
1087 3267 1152 3333 che
1169 3264 1315 3353 risposte
1335 3285 1373 3332 se
1389 3265 1435 3352 gl'
1452 3260 1613 3330 habbiano

397 3383 531 3447 adare.

463 3498 564 3565 Della
587 3497 751 3564 infirmita
772 3498 828 3564 del
850 3499 888 3564 P.
912 3495 1076 3564 Cannisio
1095 3495 1279 3563 habbiamo
1299 3496 1423 3566 inleso.
1440 3507 1475 3564 et
1495 3495 1612 3581 ringra-

398 3613 501 3680 tiamo
517 3612 624 3695 lddio,
643 3627 678 3682 et
693 3612 920 3681 desideriamo
940 3634 1039 3698 saper
1054 3635 1172 3680 nuoua
1191 3614 1235 3680 de
1250 3615 1283 3680 la
1297 3633 1361 3680 sua
1381 3612 1612 3679 conualescen-

398 3751 450 3808 za,
469 3727 498 3796 si
515 3727 651 3815 piacerd
669 3751 688 3794 a
705 3728 800 3794 lddio
818 3731 864 3796 N.
890 3730 928 3798 S.

466 3846 492 3911 Il
509 3845 548 3912 P.
568 3849 671 3912 Mtro.
693 3845 867 3930 Laynezd
890 3843 1018 3938 andalo
1033 3844 1068 3910 in
1083 3846 1244 3929 Genoua,
1266 3845 1357 3914 doue
1379 3845 1540 3932 uogliono
1554 3845 1614 3909 fare

401 3961 469 4027 due
498 3960 649 4048 collegii,
679 3959 883 4046 parendogli
910 3959 961 4027 sia
988 3981 1077 4046 poco
1098 3981 1168 4026 uno
1190 3983 1251 4047 per
1271 3961 1384 4045 quella
1403 3961 1500 4029 cittl.
1519 3959 1559 4028 Ci
1576 3959 1614 4022 ha

398 4075 549 4143 mandati
572 4076 647 4142 fatti
674 4075 698 4142 il
721 4075 773 4142 2.⁰
794 4089 829 4142 et
852 4079 905 4160 3.⁰
927 4086 962 4142 et
983 4075 1037 4158 4.⁰
1059 4075 1157 4156 libro,
1181 4089 1384 4164 presuposto
1405 4076 1429 4142 il
1444 4076 1553 4163 primo
1568 4072 1613 4139 del

452 4241 464 4267 ¹
501 4244 602 4316 colei!
616 4262 671 4302 nis.
710 4247 760 4288 -b
779 4253 863 4318 parte
876 4263 930 4300 ms.

401 4349 598 4362 —-—--.-

452 4394 464 4428 ⁸
502 4398 637 4468 Angelus
649 4397 867 4457 Prosdocimus.

454 4486 466 4521 ⁵
504 4486 638 4558 Epistola
652 4486 733 4558 3824.
1234 4528 1236 4531 -

453 4576 465 4611 ⁸
503 4573 675 4634 Gulielmus
693 4577 730 4632 de
750 4577 893 4646 Platona,
912 4578 1105 4634 cancellarius
1122 4576 1293 4648 leodiensis,
1307 4578 1358 4652 qui
1375 4574 1615 4634 Societatiscolle-

400 4663 484 4734 gium
501 4666 622 4736 optabat
635 4665 738 4722 Leodii
750 4666 897 4722 collocari.
909 4665 986 4723 Vide
999 4666 1152 4738 epistolam
1165 4665 1246 4736 3761.
