3567 5409
415 549 469 605 660
794 550 1005 608 Monstrum
1023 549 1203 604 lausanna

377 703 422 770 de
437 723 601 789 personas
617 725 701 790 muy
717 702 934 790 principales
952 701 1036 790 yde
1049 701 1101 770 las
1121 699 1374 790 disputationes
1393 724 1418 788 y
1438 701 1618 772 oratiom

379 809 533 898 pitblieas
549 812 594 876 ha
609 809 738 877 hauido
754 812 881 878 mucha
896 809 1122 877 satisfaction.
1141 809 1264 878 Hanse
1285 807 1451 877 hattadob
1471 830 1619 896 presen-

379 937 430 994 tes
443 925 793 994 muchoscardenales
805 948 827 1013 y
841 948 923 1012 muy
939 927 1130 994 honrrados
1140 947 1165 1012 y
1175 927 1310 1009 doctos3
1324 925 1512 1014 ysparJ‘ese
1522 925 1613 994 ouda

377 1041 434 1109 dia
455 1047 528 1110 mas
548 1042 580 1111 el
600 1042 692 1109 buen
713 1043 799 1110 odor
817 1043 917 1112 deste
936 1041 1096 1130 collegio.
1117 1043 1214 1128 Aqui
1234 1042 1353 1129 ymbio
1374 1063 1443 1110 una
1466 1041 1546 1109 lista
1567 1043 1615 1110 de

377 1157 412 1224 10
429 1177 497 1242 que
509 1179 547 1226 se
562 1160 608 1224 ha
623 1159 667 1224 de
682 1159 786 1225 hazer
800 1181 843 1226 en
860 1159 905 1226 al:
925 1180 969 1226 ua
984 1179 1029 1226 en
1044 1156 1196 1238 italiam,
1214 1179 1346 1244 porque
1365 1162 1414 1225 asi
1435 1178 1474 1225 se
1496 1155 1618 1245 impri-

376 1273 446 1340 rnio
461 1294 545 1359 para
561 1295 669 1360 poner
684 1295 728 1342 en
745 1296 833 1342 unos
849 1275 990 1363 lugares
1004 1297 1028 1362 y
1048 1285 1142 1342 otros
1161 1273 1206 1341 de
1226 1275 1347 1340 Roma.
1370 1274 1513 1342 Siruase
1531 1294 1613 1340 rnu-

376 1391 443 1456 cho
458 1389 514 1457 dal
531 1388 598 1458 X.⁰
614 1401 755 1457 nuestro
771 1399 887 1460 senor.

444 1505 485 1572 El
501 1505 648 1592 collegio
664 1504 863 1593 germanico
879 1505 1021 1573 tanbien
1040 1527 1083 1574 ua
1098 1506 1270 1588 adelante‚
1286 1528 1311 1592 y
1326 1525 1370 1572 en
1392 1505 1479 1572 cada
1499 1504 1613 1572 facul·

376 1621 435 1688 tad
449 1621 559 1688 habra
573 1631 680 1708 gente
697 1623 753 1688 dat
768 1643 833 1688 con
851 1623 904 1688 los
919 1631 1092 1690 nuestros.

442 1737 496 1804 De
511 1737 563 1803 los
578 1736 683 1804 libros
699 1759 767 1822 que
783 1739 829 1806 ha
845 1739 1083 1808 aderezadoel
1100 1739 1141 1805 Ρ.
1160 1738 1266 1807 Mtro.
1283 1737 1423 1806 Andros
1433 1737 1479 1803 de
1489 1735 1611 1816 Fruzi,

375 1851 616 1938 limpiandolos
631 1854 675 1922 de
690 1852 743 1920 las
758 1875 856 1921 cosas
872 1855 1114 1935 deshonestas,
1129 1876 1155 1941 y
1170 1854 1215 1921 de
1230 1863 1336 1935 onos,
1353 1873 1422 1939 que
1436 1853 1484 1918 ha
1494 1853 1619 1920 hocho

374 1989 457 2054 para
478 1967 622 2035 utiiidad
642 1970 686 2036 de
706 1969 758 2038 los
781 1968 927 2050 studioS,
953 1980 1028 2037 otra
1053 1990 1116 2038 uez
1139 1969 1282 2038 scrinira
1304 1973 1379 2036 mis
1402 1974 1422 2036 i
1442 1967 1476 2036 la
1496 1968 1615 2056 larga,

375 2102 506 2170 porque
521 2105 565 2150 en
581 2084 633 2150 las
648 2085 783 2153 scuelas
798 2085 842 2154 de
857 2086 986 2154 allano
1002 2085 1096 2154 dudo
1111 2105 1180 2171 que
1197 2085 1365 2174 hoigaran
1381 2086 1426 2154 de
1445 2104 1612 2152 accomo·

374 2197 476 2268 darse
492 2205 513 2266 a
528 2200 579 2266 las
595 2201 639 2266 de
655 2206 729 2267 aea.
772 2251 774 2254 -

442 2316 472 2382 Υ
489 2336 555 2382 eon
572 2326 667 2384 tanto
684 2339 729 2384 no
745 2316 818 2384 dira
834 2329 924 2401 otro,
940 2317 1019 2384 sino
1034 2339 1104 2403 que
1117 2337 1163 2384 en
1177 2317 1228 2386 las
1243 2315 1421 2386 oraciones
1436 2319 1481 2387 de
1496 2317 1543 2385 V.
1562 2292 1612 2386 R

374 2431 473 2498 todos
489 2453 552 2499 nos
568 2433 868 2504 encomendamos

439 2547 493 2615 De
511 2549 618 2614 Roma
633 2568 656 2630 4
670 2549 715 2618 de
731 2547 941 2618 Nouiembre
961 2565 1058 2635 1553.

440 2661 638 2748 Iuscrz'piio.
659 2665 728 2732 Por
743 2663 794 2730 los
810 2664 977 2752 collegios
991 2666 1037 2734 da
1052 2665 1203 2752 Espafia.

935 2862 1042 2946 3885

723 2985 945 3074 contrat
981 3005 1056 3072 oa
1087 3004 1254 3074 LUNA

762 3149 851 3193 notra
864 3150 881 3208 5
895 3149 1077 3194 novaturus
1090 3135 1159 3208 155³
1174 3141 1194 3193 ¹.

370 3241 566 3325 Propositum
579 3252 727 3309 corrdandi
741 3254 899 3310 Societatis
910 3254 1073 3328 collegium
1086 3254 1208 3311 laudnt:
1220 3254 1403 3312 Dameam
1415 3256 1612 3312 commutat

645 3349 679 3398 ut
691 3341 796 3410 socios,
806 3361 901 3416 quam
913 3347 1047 3402 maxima
1054 3345 1161 3419 possit,
1171 3345 1326 3419 praebeat.

925 3472 1041 3559 Jesus.

435 3609 548 3679 Iilmo.
567 3609 687 3696 signor
702 3613 758 3680 nel
773 3611 901 3699 Signor
917 3623 1048 3681 nostro·
1099 3637 1104 3646 ·

437 3727 486 3794 La
501 3747 632 3793 somma
648 3727 761 3814 gratia
776 3738 812 3795 et
829 3749 927 3794 amor
946 3740 1068 3798 etemo
1088 3727 1133 3796 de
1153 3726 1295 3796 Christo
1314 3727 1360 3795 N.
1382 3729 1420 3798 S.
1446 3727 1552 3796 saluti
1570 3737 1608 3795 et

364 3839 458 3910 uisiti
476 3844 520 3910 V.
536 3842 624 3912 Sria.
646 3843 753 3910 Illma.
770 3863 836 3910 con
853 3844 930 3910 suoi
945 3841 1132 3912 santissimi
1148 3841 1231 3910 doni
1245 3852 1282 3912 et
1297 3843 1409 3931 gratie
1419 3842 1603 3929 spirituali.

434 3961 501 4027 Per
517 3959 632 4044 quelle
648 3957 682 4024 di
701 3975 718 4042 5
737 3958 927 4027 d'Ottobre
938 3968 1077 4045 passato
1087 3959 1132 4027 de
1143 3959 1189 4027 V.
1205 3956 1502 4028 Stia.111nra.²h0
1515 3959 1610 4028 uisto

363 4073 397 4142 la
412 4072 600 4142 deuotione
616 4076 681 4142 che
696 4073 763 4141 Dio
780 4075 824 4142 N.
844 4075 882 4144 S.
900 4073 925 4140 li
939 4075 985 4142 da
996 4074 1040 4140 de
1052 4075 1105 4142 sar
1117 4095 1166 4141 un
1177 4071 1325 4162 collegio
1337 4075 1394 4144 nel
1405 4096 1470 4143 suo
1480 4087 1603 4158 statuo,

362 4188 387 4256 il
408 4189 473 4257 che
493 4187 682 4256 atribuisco
702 4189 746 4257 de
769 4210 838 4257 una
860 4200 957 4276 parte
977 4212 998 4257 a
1018 4190 1052 4257 la
1071 4189 1128 4277 pia
1146 4187 1324 4257 affettione
1342 4201 1380 4260 et
1399 4193 1547 4262 uolunta
1560 4193 1606 4260 de

364 4305 406 4373 V.
421 4303 511 4375 Sria.
529 4304 572 4372 de
597 4304 682 4372 farei
702 4327 723 4372 a
743 4305 800 4374 noi
820 4304 933 4392 gratia
954 4316 991 4372 et
1011 4305 1193 4386 beneficio,
1215 4306 1341 4374 d'altm
1360 4307 1393 4375 al
1412 4305 1607 4376 christiano

366 4443 576 4456 *-

416 4513 431 4556 b
468 4510 669 4570 halladosms.

364 4634 577 4649 n·—

416 4697 425 4734 ¹
464 4699 508 4754 Ex
517 4699 620 4755 codice
634 4699 752 4773 Ragast.
770 4701 794 4767 t,
808 4699 858 4757 iol.
872 4699 1103 4770 son-Cariat,
1116 4719 1146 4758 n.
1161 4701 1374 4761 CCCLXVIII.

415 4791 426 4823 ¹
464 4786 541 4843 Vide
555 4790 608 4844 has
621 4789 736 4845 litteras
749 4789 779 4846 in
792 4806 882 4862 opere
896 4789 995 4862 Epist.
1011 4789 1137 4859 triam,
1150 4791 1204 4858 ΙΙΙ,
1218 4804 1284 4862 510.
1366 4825 1371 4833 ·
