3567 5409
387 431 440 499 646
766 429 975 486 1133333333
993 427 1174 486 lausanna

354 586 455 656 tardi.
474 588 518 654 Et
534 609 596 673 per
609 589 717 654 hauer
732 585 868 653 dimane
885 588 991 656 333133
1002 584 1222 673 occupationi
1233 585 1270 652 di
1281 583 1495 653 conclusioni
1506 596 1534 664 ⁸,
1546 595 1588 650 et

355 703 462 790 hoggi
478 703 522 770 de
537 701 745 772 confessioni
764 725 823 790 per
838 703 862 769 il
872 703 1006 789 jubileo
1020 704 1087 770 che
1103 702 1162 788 qui
1177 701 1207 768 si
1222 703 1421 790 guadagna‚
1441 722 1509 767 non
1527 721 1588 766 re·

353 821 559 906 sponderoa
575 820 608 886 la
623 819 731 905 prima
747 832 843 905 parte
859 820 893 886 di
910 820 1025 905 quello
1041 822 1106 886 che
1124 831 1204 886 toea
1219 819 1284 886 ala
1295 816 1437 906 signora
1448 818 1588 885 duche-

352 929 698 1005 3313331333333133
714 937 876 1005 Genoua.
902 936 1002 1003 Circa
1023 937 1046 1000 l'
1066 936 1152 1003 altra
1173 944 1272 1022 parte
1291 934 1371 1003 delli
1393 931 1501 1001 nostri
1522 931 1586 1022 [di]

351 1051 504 1133 Corsica,
523 1051 551 1119 31
568 1052 736 1140 responde
752 1051 788 1118 in
804 1053 863 1118 vn'
881 1053 1002 1121 lettera
1018 1051 1054 1118 di
1070 1053 1114 1120 N.
1132 1054 1187 1132 P.,
1200 1063 1237 1118 et
1248 1053 1271 1117 l’
1286 1053 1373 1117 altra
1384 1050 1586 1129 settimana‚

355 1167 521 1256 piacendo
536 1191 555 1236 3
571 1169 650 1248 1)13,
669 1189 707 1236 se
727 1171 938 1256 responderit
959 1168 1018 1255 313
1034 1168 1302 1254 compitamente
1317 1179 1352 1236 et
1372 1167 1444 1234 ala
1460 1165 1584 1253 prima.

420 1275 637 1342 Trouandosi
653 1277 760 1342 molto
781 1277 869 1342 male
892 1279 993 1344 Mtro.
1019 1273 1202 1342 Adriano*
1222 1274 1259 1339 in
1279 1273 1360 1359 quel
1380 1273 1416 1338 di
1437 1273 1591 1341 Modena

353 1403 390 1459 et
406 1393 560 1471 Ferrara,
578 1401 613 1458 et
628 1392 779 1478 parendo
795 1390 883 1458 tardi
900 1413 962 1478 per
978 1403 1115 1459 tornare
1131 1391 1163 1458 31
1183 1411 1248 1458 333
1271 1411 1374 1477 paese
1395 1391 1508 1474 quest'
1531 1387 1590 1452 in-

356 1520 510 1587 uernata,
529 1510 573 1572 m'
597 1529 656 1574 era
671 1527 792 1575 ocorso
812 1508 876 1574 che
894 1505 1005 1592 333313
1025 1529 1120 1576 esser
1135 1508 1167 1573 31
1184 1505 1358 1592 proposito
1378 1507 1444 1572 3133
1466 1503 1591 1572 uenise

355 1623 391 1688 in
406 1624 553 1691 Genoua
568 1645 607 1692 se
622 1622 651 1690 si
669 1632 828 1709 reputase
843 1625 866 1690 l'
885 1621 984 1690 ariab
1000 1621 1119 1691 esserli
1134 1623 1251 1689 buono
1267 1631 1400 1689 attenta
1411 1622 1445 1687 13
1455 1641 1521 1686 sua
1532 1619 1586 1685 in·

353 1739 490 1822 1133331331,
509 1740 541 1808 13
552 1739 652 1824 quale
668 1739 853 1806 3311133133
868 1737 904 1805 di
919 1737 1146 1824 respirationi,
1164 1750 1199 1805 et
1215 1737 1339 1804 dicono
1354 1739 1419 1803 che
1441 1739 1471 1802 s'
1490 1735 1509 1802 ὲ
1524 1757 1591 1821 pe·

353 1855 462 1922 313313
485 1854 520 1921 (11
542 1852 675 1922 3131333
698 1854 798 1922 33133.
823 1857 881 1922 Μ3
901 1854 931 1922 31
951 1853 1071 1922 andasi
1094 1853 1203 1935 33333,
1223 1853 1280 1940 313
1303 1865 1419 1939 presto
1441 1848 1591 1918 doueria

354 1970 460 2038 andar
487 1991 547 2056 per
574 1982 789 2057 soprastante
816 1971 859 2037 de
887 1971 920 2036 13
942 1968 1070 2037 fabrica
1091 1969 1234 2039 insieme
1254 1989 1320 2036 con
1342 1972 1447 2038 Mtro.
1470 1965 1593 2035 Pietro

355 2085 499 2156 Santino
519 2096 555 2154 et
574 2107 644 2152 vno
665 2087 729 2152 che
750 2086 892 2167 seruesi,
916 2087 983 2153 3133
998 2109 1059 2174 per
1078 2087 1184 2152 molto
1204 2087 1361 2153 13333333
1388 2084 1479 2151 33113
1506 2103 1593 2151 cose

354 2201 533 2287 spirituali.
552 2201 599 2270 Se
615 2201 691 2268 aV.
711 2203 753 2269 R.
779 2224 902 2289 parese
921 2201 1169 2270 informarsene
1191 2224 1238 2269 un
1258 2223 1358 2287 poco,
1380 2210 1416 2268 33
1436 2197 1592 2268 secondo

353 2317 470 2403 quello
486 2317 553 2385 che
570 2317 697 2383 trouasi
714 2317 864 2384 33313333
882 2340 903 2384 3
918 2319 1074 2398 Ferrara,
1089 2317 1208 2404 pienso
1220 2315 1309 2384 saria
1321 2316 1427 2382 molto
1438 2315 1542 2382 bene.

421 2433 481 2502 Sia
491 2435 575 2522 Jesu
591 2433 731 2500 Christo
746 2454 812 2500 con
831 2433 912 2500 tutti
928 2433 997 2499 noi.
1017 2435 1062 2503 V.
1081 2435 1123 2502 R.
1138 2434 1227 2500 ueda
1239 2432 1275 2499 di
1286 2453 1354 2498 non
1366 2432 1505 2498 1333333
1518 2440 1592 2496 333·

354 2569 399 2635 33
414 2569 481 2616 con
498 2560 593 2616 tante
605 2548 777 2635 prediche,
796 2549 876 2618 etei
895 2549 981 2615 auisi
998 2551 1041 2617 de
1053 2549 1075 2614 li
1091 2548 1191 2616 amici
1208 2547 1266 2634 piu
1284 2546 1427 2614 31133331.

420 2665 474 2733 De
491 2665 598 2731 Roma
616 2665 658 2731 28
674 2665 707 2730 d'
726 2665 876 2732 Ottobre
893 2681 990 2749 1553.

422 2781 620 2864 Inscriptio.
640 2781 673 2847 A
689 2781 848 2862 Conona,
868 2803 929 2867 per
943 2780 967 2847 il
986 2784 1025 2849 Ρ.
1045 2782 1196 2868 Laynez.

922 2978 1027 3058 3872

604 3119 744 3186 PATRI
774 3119 1035 3188 ALPHONSO
1064 3118 1339 3188 SALMERONI

766 3265 854 3308 33333
868 3252 903 3307 28
915 3265 1073 3310 3333333333
1089 3265 1099 3307 3
1105 3251 1158 3323 553
1177 3254 1196 3307 ¹.

358 3367 479 3426 Gaudet
490 3371 594 3437 socios,
608 3368 640 3424 iu
656 3369 798 3426 Siciliam
815 3374 926 3437 euntes,
943 3369 1103 3444 Neapolim
1116 3371 1281 3426 incolumes
1292 3367 1596 3442 peruenisse-Pro·

410 3459 461 3514 bat
466 3457 605 3532 fratrem
625 3459 830 3532 Godesrr'dum
848 3465 1000 3516 retentum
1017 3459 1148 3532 Neapoli
1157 3459 1416 3533 suasa-Lamo
1427 3461 1502 3530 opus
1515 3457 1597 3512 theo·

412 3549 543 3622 logicum
557 3547 663 3614 mittit,
677 3554 705 3606 at
712 3549 877 3622 positiones
888 3551 923 3605 in
935 3549 1199 3624 collegioromano
1208 3549 1424 3622 defundendas.

428 3679 501 3744 Pax
520 3674 660 3742 Christi.

429 3792 496 3858 Por
519 3791 552 3857 13
569 3794 694 3858 mucha
723 3791 805 3858 salta
829 3792 873 3858 de
895 3791 1022 3880 tiernpo
1044 3814 1111 3878 que
1132 3804 1300 3874 tenemos,
1318 3759 1596 3875 comenoendose

360 3916 507 3974 3333313333
522 3909 573 3973 133
590 3908 831 4007 conclusiones
846 3910 890 3976 de
907 3910 1094 3997 theologia,
1113 3931 1135 3994 y
1151 3910 1338 3996 apretando
1353 3928 1399 3994 oy
1414 3907 1448 3976 el
1459 3905 1595 3992 jubileo
1650 3921 1655 3927 '

358 4043 402 4089 en
419 4021 470 4090 las
485 4021 731 4104 confessiones,
750 4023 824 4090 dire
840 4045 883 4091 en
901 4025 1020 4105 breue,
1038 4045 1106 4110 que
1118 4045 1182 4092 nos
1194 4027 1313 4093 1333333
1325 4024 1491 4111 alegrado
1502 4043 1551 4090 en
1563 4024 1596 4092 31

361 4159 400 4166 -
413 4155 576 4166 ----——-·--

414 4225 428 4254 ι
464 4211 657 4283 occupatione
669 4211 708 4268 de
720 4215 910 4270 conclusione
924 4231 980 4272 ma.
1017 4217 1068 4258 -b
1087 4231 1156 4270 area
1168 4231 1224 4272 ms.

413 4381 425 4415 ⁸
462 4383 655 4440 Eleonorade
667 4385 786 4443 Toleto.

415 4471 426 4500 ⁴
462 4471 610 4530 Adrianus
623 4473 784 4533 Candidus.

417 4657 423 4685 ¹
463 4656 506 4709 Ex
520 4653 623 4710 codice
640 4657 798 4727 11333331,
814 4657 944 4728 131483.
