<?xml version="1.0" encoding="UTF-8"?>
<!DOCTYPE html PUBLIC "-//W3C//DTD XHTML 1.0 Transitional//EN"
    "http://www.w3.org/TR/xhtml1/DTD/xhtml1-transitional.dtd">
<html xmlns="http://www.w3.org/1999/xhtml" xml:lang="en" lang="en">
 <head>
  <title>
</title>
<meta http-equiv="Content-Type" content="text/html;charset=utf-8" />
  <meta name='ocr-system' content='tesseract 3.04.00' />
  <meta name='ocr-capabilities' content='ocr_page ocr_carea ocr_par ocr_line ocrx_word'/>
</head>
<body>
  <div class='ocr_page' id='page_1' title='image "./monumentaignati02ignagoog_0400.png"; bbox 0 0 3567 5409; ppageno 0'>
   <div class='ocr_carea' id='block_1_1' title="bbox 816 512 1290 569">
    <p class='ocr_par' dir='ltr' id='par_1_1' title="bbox 816 512 1290 569">
     <span class='ocr_line' id='line_1_1' title="bbox 816 512 1290 569; baseline 0.004 -2"><span class='ocrx_word' id='word_1_1' title='bbox 816 512 1026 569; x_wconf 70' lang='lat' dir='ltr'>Honorinum</span> <span class='ocrx_word' id='word_1_2' title='bbox 1044 512 1226 569; x_wconf 78' lang='lat' dir='ltr'>lcunmnn</span> <span class='ocrx_word' id='word_1_3' title='bbox 1285 530 1290 535; x_wconf 94' lang='lat'><em>·</em></span> 
     </span>
    </p>
   </div>
   <div class='ocr_carea' id='block_1_2' title="bbox 707 711 1329 935">
    <p class='ocr_par' dir='ltr' id='par_1_2' title="bbox 707 711 1329 935">
     <span class='ocr_line' id='line_1_2' title="bbox 968 711 1129 796; baseline -0.006 -2"><span class='ocrx_word' id='word_1_4' title='bbox 968 712 1072 796; x_wconf 81' lang='grc'><strong>3687</strong></span> <span class='ocrx_word' id='word_1_5' title='bbox 1124 711 1129 722; x_wconf 83' lang='lat'>&#39;</span> 
     </span>
     <span class='ocr_line' id='line_1_3' title="bbox 707 844 1329 935; baseline 0.002 -22"><span class='ocrx_word' id='word_1_6' title='bbox 707 846 992 913; x_wconf 86' lang='lat' dir='ltr'>HIERONYMO</span> <span class='ocrx_word' id='word_1_7' title='bbox 1017 844 1329 935; x_wconf 85' lang='lat' dir='ltr'><strong>MARTINENGO</strong></span> 
     </span>
    </p>
   </div>
   <div class='ocr_carea' id='block_1_3' title="bbox 795 976 1227 1052">
    <p class='ocr_par' dir='ltr' id='par_1_3' title="bbox 795 976 1227 1052">
     <span class='ocr_line' id='line_1_4' title="bbox 795 976 1227 1052; baseline 0 -17"><span class='ocrx_word' id='word_1_8' title='bbox 795 992 883 1052; x_wconf 72' lang='lat' dir='ltr'>noun</span> <span class='ocrx_word' id='word_1_9' title='bbox 904 977 939 1035; x_wconf 83' lang='lat'>23</span> <span class='ocrx_word' id='word_1_10' title='bbox 957 990 1096 1037; x_wconf 77' lang='lat' dir='ltr'>nuousm</span> <span class='ocrx_word' id='word_1_11' title='bbox 1117 976 1185 1049; x_wconf 86' lang='lat'>1553</span> <span class='ocrx_word' id='word_1_12' title='bbox 1206 979 1227 1035; x_wconf 87' lang='lat'>¹.</span> 
     </span>
    </p>
   </div>
   <div class='ocr_carea' id='block_1_4' title="bbox 309 1062 1626 1346">
    <p class='ocr_par' dir='ltr' id='par_1_4' title="bbox 309 1062 1626 1346">
     <span class='ocr_line' id='line_1_5' title="bbox 309 1062 1626 1170; baseline 0.002 -21"><span class='ocrx_word' id='word_1_13' title='bbox 309 1062 312 1066; x_wconf 9' lang='grc' dir='ltr'><strong><em>ἱ</em></strong></span> <span class='ocrx_word' id='word_1_14' title='bbox 402 1089 504 1170; x_wconf 74' lang='lat' dir='ltr'>Rogat</span> <span class='ocrx_word' id='word_1_15' title='bbox 515 1100 548 1151; x_wconf 82' lang='lat' dir='ltr'>ut</span> <span class='ocrx_word' id='word_1_16' title='bbox 560 1114 579 1151; x_wconf 85' lang='lat' dir='ltr'><strong>u</strong></span> <span class='ocrx_word' id='word_1_17' title='bbox 589 1062 743 1169; x_wconf 58' lang='lat' dir='ltr'>pronastro</span> <span class='ocrx_word' id='word_1_18' title='bbox 755 1096 880 1152; x_wconf 63' lang='lat' dir='ltr'>usuras</span> <span class='ocrx_word' id='word_1_19' title='bbox 895 1096 1038 1153; x_wconf 74' lang='lat' dir='ltr'>evehendi</span> <span class='ocrx_word' id='word_1_20' title='bbox 1049 1094 1209 1151; x_wconf 81' lang='lat' dir='ltr'>Canisium</span> <span class='ocrx_word' id='word_1_21' title='bbox 1221 1097 1263 1151; x_wconf 79' lang='lat' dir='ltr'>ad</span> <span class='ocrx_word' id='word_1_22' title='bbox 1274 1095 1466 1153; x_wconf 73' lang='lat' dir='ltr'><em>viennensem</em></span> <span class='ocrx_word' id='word_1_23' title='bbox 1483 1097 1626 1169; x_wconf 72' lang='lat' dir='ltr'>episeopo·</span> 
     </span>
     <span class='ocr_line' id='line_1_6' title="bbox 456 1184 1623 1259; baseline 0.001 -20"><span class='ocrx_word' id='word_1_24' title='bbox 456 1190 535 1252; x_wconf 79' lang='lat' dir='ltr'>tnm;</span> <span class='ocrx_word' id='word_1_25' title='bbox 543 1190 604 1257; x_wconf 76' lang='lat' dir='ltr'>pro</span> <span class='ocrx_word' id='word_1_26' title='bbox 616 1189 766 1256; x_wconf 74' lang='lat' dir='ltr'>comperto</span> <span class='ocrx_word' id='word_1_27' title='bbox 777 1184 859 1242; x_wconf 82' lang='lat' dir='ltr'>enim</span> <span class='ocrx_word' id='word_1_28' title='bbox 873 1184 1016 1259; x_wconf 76' lang='lat' dir='ltr'>Ignatius</span> <span class='ocrx_word' id='word_1_29' title='bbox 1033 1184 1120 1240; x_wconf 75' lang='lat' dir='ltr'>habet</span> <span class='ocrx_word' id='word_1_30' title='bbox 1132 1186 1166 1241; x_wconf 77' lang='lat' dir='ltr'>id</span> <span class='ocrx_word' id='word_1_31' title='bbox 1178 1202 1231 1243; x_wconf 88' lang='lat' dir='ltr'>nec</span> <span class='ocrx_word' id='word_1_32' title='bbox 1246 1186 1288 1241; x_wconf 81' lang='lat' dir='ltr'>ud</span> <span class='ocrx_word' id='word_1_33' title='bbox 1304 1186 1446 1242; x_wconf 78' lang='lat' dir='ltr'>diuinum</span> <span class='ocrx_word' id='word_1_34' title='bbox 1458 1186 1623 1258; x_wconf 72' lang='lat' dir='ltr'><strong><em>obsequium</em></strong></span> 
     </span>
     <span class='ocr_line' id='line_1_7' title="bbox 455 1271 1197 1346; baseline 0.005 -18"><span class='ocrx_word' id='word_1_35' title='bbox 455 1291 511 1331; x_wconf 85' lang='lat' dir='ltr'>nec</span> <span class='ocrx_word' id='word_1_36' title='bbox 521 1275 563 1329; x_wconf 78' lang='lat' dir='ltr'>ed</span> <span class='ocrx_word' id='word_1_37' title='bbox 576 1274 855 1330; x_wconf 77' lang='lat' dir='ltr'>Societatisbonum</span> <span class='ocrx_word' id='word_1_38' title='bbox 867 1274 1033 1345; x_wconf 81' lang='lat' dir='ltr'>quidquam</span> <span class='ocrx_word' id='word_1_39' title='bbox 1046 1271 1197 1346; x_wconf 79' lang='lat' dir='ltr'>conferre.</span> 
     </span>
    </p>
   </div>
   <div class='ocr_carea' id='block_1_5' title="bbox 412 1398 1244 1665">
    <p class='ocr_par' dir='ltr' id='par_1_5' title="bbox 412 1398 1244 1665">
     <span class='ocr_line' id='line_1_8' title="bbox 962 1398 1065 1555; baseline 0 -34"><span class='ocrx_word' id='word_1_40' title='bbox 962 1398 1065 1555; x_wconf 54' lang='lat' dir='ltr'>Jhim.</span> 
     </span>
     <span class='ocr_line' id='line_1_9' title="bbox 412 1594 1244 1665; baseline 0 -3"><span class='ocrx_word' id='word_1_41' title='bbox 412 1644 419 1653; x_wconf 83' lang='lat'><strong>.</strong></span> <span class='ocrx_word' id='word_1_42' title='bbox 469 1596 569 1662; x_wconf 89' lang='lat' dir='ltr'>Rmo.</span> <span class='ocrx_word' id='word_1_43' title='bbox 588 1597 698 1664; x_wconf 90' lang='lat' dir='ltr'>Mons.</span> <span class='ocrx_word' id='word_1_44' title='bbox 715 1594 750 1661; x_wconf 92' lang='lat' dir='ltr'>in</span> <span class='ocrx_word' id='word_1_45' title='bbox 766 1594 907 1664; x_wconf 86' lang='lat' dir='ltr'>Christo</span> <span class='ocrx_word' id='word_1_46' title='bbox 922 1596 1244 1665; x_wconf 81' lang='lat' dir='ltr'>observandissime.</span> 
     </span>
    </p>
   </div>
   <div class='ocr_carea' id='block_1_6' title="bbox 401 1710 1622 1915">
    <p class='ocr_par' dir='ltr' id='par_1_6' title="bbox 401 1710 1622 1915">
     <span class='ocr_line' id='line_1_10' title="bbox 412 1710 1622 1798; baseline -0.001 -19"><span class='ocrx_word' id='word_1_47' title='bbox 412 1737 418 1747; x_wconf 91' lang='lat'>·</span> <span class='ocrx_word' id='word_1_48' title='bbox 470 1712 521 1779; x_wconf 85' lang='lat' dir='ltr'>La</span> <span class='ocrx_word' id='word_1_49' title='bbox 537 1732 673 1777; x_wconf 88' lang='lat' dir='ltr'>summa</span> <span class='ocrx_word' id='word_1_50' title='bbox 687 1710 799 1798; x_wconf 82' lang='lat' dir='ltr'>gratia</span> <span class='ocrx_word' id='word_1_51' title='bbox 815 1721 850 1781; x_wconf 87' lang='lat' dir='ltr'>et</span> <span class='ocrx_word' id='word_1_52' title='bbox 870 1734 966 1780; x_wconf 88' lang='lat' dir='ltr'>arnor</span> <span class='ocrx_word' id='word_1_53' title='bbox 986 1724 1104 1781; x_wconf 88' lang='lat' dir='ltr'>eterno</span> <span class='ocrx_word' id='word_1_54' title='bbox 1120 1714 1163 1780; x_wconf 87' lang='lat' dir='ltr'>de</span> <span class='ocrx_word' id='word_1_55' title='bbox 1183 1712 1323 1780; x_wconf 87' lang='lat' dir='ltr'>Christo</span> <span class='ocrx_word' id='word_1_56' title='bbox 1343 1711 1387 1780; x_wconf 90' lang='lat' dir='ltr'>N.</span> <span class='ocrx_word' id='word_1_57' title='bbox 1411 1712 1451 1781; x_wconf 90' lang='lat' dir='ltr'>S.</span> <span class='ocrx_word' id='word_1_58' title='bbox 1471 1710 1569 1779; x_wconf 82' lang='lat' dir='ltr'>saluti</span> <span class='ocrx_word' id='word_1_59' title='bbox 1591 1723 1622 1779; x_wconf 85' lang='lat' dir='ltr'>et</span> 
     </span>
     <span class='ocr_line' id='line_1_11' title="bbox 401 1824 1619 1915; baseline -0.002 -21"><span class='ocrx_word' id='word_1_60' title='bbox 401 1824 494 1894; x_wconf 78' lang='lat' dir='ltr'>visin</span> <span class='ocrx_word' id='word_1_61' title='bbox 510 1828 551 1894; x_wconf 87' lang='lat' dir='ltr'>V.</span> <span class='ocrx_word' id='word_1_62' title='bbox 568 1824 656 1894; x_wconf 78' lang='lat' dir='ltr'>Srin.</span> <span class='ocrx_word' id='word_1_63' title='bbox 675 1828 773 1893; x_wconf 80' lang='lat' dir='ltr'>Rmo.</span> <span class='ocrx_word' id='word_1_64' title='bbox 791 1848 858 1893; x_wconf 88' lang='lat' dir='ltr'>con</span> <span class='ocrx_word' id='word_1_65' title='bbox 873 1827 949 1895; x_wconf 90' lang='lat' dir='ltr'>suoi</span> <span class='ocrx_word' id='word_1_66' title='bbox 969 1826 1153 1895; x_wconf 87' lang='lat' dir='ltr'>santissimi</span> <span class='ocrx_word' id='word_1_67' title='bbox 1168 1827 1248 1894; x_wconf 88' lang='lat' dir='ltr'>doni</span> <span class='ocrx_word' id='word_1_68' title='bbox 1265 1839 1299 1893; x_wconf 92' lang='lat' dir='ltr'>et</span> <span class='ocrx_word' id='word_1_69' title='bbox 1315 1826 1427 1913; x_wconf 87' lang='lat' dir='ltr'>gratie</span> <span class='ocrx_word' id='word_1_70' title='bbox 1448 1826 1619 1915; x_wconf 84' lang='lat' dir='ltr'>spirituali.</span> 
     </span>
    </p>
   </div>
   <div class='ocr_carea' id='block_1_7' title="bbox 355 1941 1622 3761">
    <p class='ocr_par' dir='ltr' id='par_1_7' title="bbox 355 1941 1622 2949">
     <span class='ocr_line' id='line_1_12' title="bbox 469 1941 1622 2029; baseline -0.002 -20"><span class='ocrx_word' id='word_1_71' title='bbox 469 1943 527 2009; x_wconf 90' lang='lat' dir='ltr'>Ho</span> <span class='ocrx_word' id='word_1_72' title='bbox 543 1941 700 2009; x_wconf 88' lang='lat' dir='ltr'>riceuuto</span> <span class='ocrx_word' id='word_1_73' title='bbox 716 1942 828 2029; x_wconf 77' lang='lat' dir='ltr'>questi</span> <span class='ocrx_word' id='word_1_74' title='bbox 844 1941 957 2029; x_wconf 82' lang='lat' dir='ltr'>giomi</span> <span class='ocrx_word' id='word_1_75' title='bbox 973 1964 1041 2009; x_wconf 86' lang='lat' dir='ltr'>vna</span> <span class='ocrx_word' id='word_1_76' title='bbox 1060 1943 1183 2011; x_wconf 87' lang='lat' dir='ltr'>lettera</span> <span class='ocrx_word' id='word_1_77' title='bbox 1203 1945 1246 2011; x_wconf 89' lang='lat' dir='ltr'>de</span> <span class='ocrx_word' id='word_1_78' title='bbox 1264 1944 1307 2011; x_wconf 90' lang='lat' dir='ltr'>V.</span> <span class='ocrx_word' id='word_1_79' title='bbox 1327 1942 1415 2013; x_wconf 84' lang='lat' dir='ltr'>Sria.</span> <span class='ocrx_word' id='word_1_80' title='bbox 1434 1945 1529 2011; x_wconf 88' lang='lat' dir='ltr'>Rma.</span> <span class='ocrx_word' id='word_1_81' title='bbox 1547 1944 1572 2023; x_wconf 76' lang='grc' dir='ltr'>’ς</span> <span class='ocrx_word' id='word_1_82' title='bbox 1590 1956 1622 2011; x_wconf 86' lang='lat' dir='ltr'>et</span> 
     </span>
     <span class='ocr_line' id='line_1_13' title="bbox 401 2056 1621 2145; baseline 0 -22"><span class='ocrx_word' id='word_1_83' title='bbox 401 2067 627 2141; x_wconf 83' lang='lat' dir='ltr'>quantunque</span> <span class='ocrx_word' id='word_1_84' title='bbox 642 2056 677 2123; x_wconf 91' lang='lat' dir='ltr'>io</span> <span class='ocrx_word' id='word_1_85' title='bbox 691 2078 750 2124; x_wconf 81' lang='lat' dir='ltr'>era</span> <span class='ocrx_word' id='word_1_86' title='bbox 765 2056 947 2125; x_wconf 81' lang='lat' dir='ltr'>informato</span> <span class='ocrx_word' id='word_1_87' title='bbox 963 2057 1071 2145; x_wconf 82' lang='lat' dir='ltr'>prima</span> <span class='ocrx_word' id='word_1_88' title='bbox 1085 2070 1215 2143; x_wconf 83' lang='lat' dir='ltr'>quanto</span> <span class='ocrx_word' id='word_1_89' title='bbox 1227 2060 1341 2144; x_wconf 84' lang='lat' dir='ltr'>quella</span> <span class='ocrx_word' id='word_1_90' title='bbox 1357 2058 1386 2127; x_wconf 89' lang='lat' dir='ltr'>si</span> <span class='ocrx_word' id='word_1_91' title='bbox 1401 2058 1453 2127; x_wconf 84' lang='lat' dir='ltr'>sia</span> <span class='ocrx_word' id='word_1_92' title='bbox 1468 2068 1621 2126; x_wconf 84' lang='lat' dir='ltr'>mostratn</span> 
     </span>
     <span class='ocr_line' id='line_1_14' title="bbox 355 2172 1620 2260; baseline 0.002 -24"><span class='ocrx_word' id='word_1_93' title='bbox 355 2250 363 2260; x_wconf 40' lang='grc'>,</span> <span class='ocrx_word' id='word_1_94' title='bbox 401 2172 521 2240; x_wconf 88' lang='lat' dir='ltr'>haner&#39;</span> <span class='ocrx_word' id='word_1_95' title='bbox 539 2172 575 2238; x_wconf 92' lang='lat' dir='ltr'>in</span> <span class='ocrx_word' id='word_1_96' title='bbox 595 2172 809 2258; x_wconf 88' lang='lat' dir='ltr'>protectione</span> <span class='ocrx_word' id='word_1_97' title='bbox 835 2174 860 2239; x_wconf 90' lang='lat' dir='ltr'>li</span> <span class='ocrx_word' id='word_1_98' title='bbox 881 2173 989 2243; x_wconf 86' lang='lat' dir='ltr'>nostri</span> <span class='ocrx_word' id='word_1_99' title='bbox 1010 2176 1054 2241; x_wconf 89' lang='lat' dir='ltr'>de</span> <span class='ocrx_word' id='word_1_100' title='bbox 1081 2173 1226 2255; x_wconf 82' lang='lat' dir='ltr'>Vienna,</span> <span class='ocrx_word' id='word_1_101' title='bbox 1244 2186 1280 2241; x_wconf 91' lang='lat' dir='ltr'>et</span> <span class='ocrx_word' id='word_1_102' title='bbox 1300 2174 1346 2241; x_wconf 87' lang='lat' dir='ltr'>mi</span> <span class='ocrx_word' id='word_1_103' title='bbox 1367 2174 1494 2243; x_wconf 88' lang='lat' dir='ltr'>tenessi</span> <span class='ocrx_word' id='word_1_104' title='bbox 1520 2174 1620 2241; x_wconf 85' lang='lat' dir='ltr'>molto</span> 
     </span>
     <span class='ocr_line' id='line_1_15' title="bbox 399 2284 1620 2372; baseline 0 -16"><span class='ocrx_word' id='word_1_105' title='bbox 399 2284 554 2372; x_wconf 83' lang='lat' dir='ltr'>obligato</span> <span class='ocrx_word' id='word_1_106' title='bbox 569 2288 601 2355; x_wconf 86' lang='lat' dir='ltr'>al</span> <span class='ocrx_word' id='word_1_107' title='bbox 616 2286 758 2357; x_wconf 87' lang='lat' dir='ltr'>seruitio</span> <span class='ocrx_word' id='word_1_108' title='bbox 772 2288 808 2354; x_wconf 90' lang='lat' dir='ltr'>di</span> <span class='ocrx_word' id='word_1_109' title='bbox 824 2290 868 2355; x_wconf 91' lang='lat' dir='ltr'>V.</span> <span class='ocrx_word' id='word_1_110' title='bbox 886 2288 975 2358; x_wconf 89' lang='lat' dir='ltr'>Sria.</span> <span class='ocrx_word' id='word_1_111' title='bbox 994 2289 1137 2359; x_wconf 82' lang='lat' dir='ltr'>insieme</span> <span class='ocrx_word' id='word_1_112' title='bbox 1153 2310 1220 2357; x_wconf 91' lang='lat' dir='ltr'>con</span> <span class='ocrx_word' id='word_1_113' title='bbox 1236 2290 1322 2371; x_wconf 84' lang='lat' dir='ltr'>loro,</span> <span class='ocrx_word' id='word_1_114' title='bbox 1340 2290 1429 2358; x_wconf 81' lang='lat' dir='ltr'>vista</span> <span class='ocrx_word' id='word_1_115' title='bbox 1448 2292 1481 2357; x_wconf 87' lang='lat' dir='ltr'>la</span> <span class='ocrx_word' id='word_1_116' title='bbox 1495 2312 1620 2357; x_wconf 87' lang='lat' dir='ltr'>amore·</span> 
     </span>
     <span class='ocr_line' id='line_1_16' title="bbox 400 2401 1619 2491; baseline 0.003 -26"><span class='ocrx_word' id='word_1_117' title='bbox 400 2402 480 2469; x_wconf 88' lang='lat' dir='ltr'>nole</span> <span class='ocrx_word' id='word_1_118' title='bbox 495 2401 650 2469; x_wconf 85' lang='lat' dir='ltr'>instanza</span> <span class='ocrx_word' id='word_1_119' title='bbox 664 2406 730 2470; x_wconf 88' lang='lat' dir='ltr'>che</span> <span class='ocrx_word' id='word_1_120' title='bbox 745 2401 781 2469; x_wconf 92' lang='lat' dir='ltr'>in</span> <span class='ocrx_word' id='word_1_121' title='bbox 796 2417 918 2488; x_wconf 82' lang='lat' dir='ltr'><strong>queste</strong></span> <span class='ocrx_word' id='word_1_122' title='bbox 933 2405 1053 2473; x_wconf 86' lang='lat' dir='ltr'>lettere</span> <span class='ocrx_word' id='word_1_123' title='bbox 1069 2403 1115 2469; x_wconf 91' lang='lat' dir='ltr'>mi</span> <span class='ocrx_word' id='word_1_124' title='bbox 1133 2406 1166 2471; x_wconf 82' lang='lat' dir='ltr'>ia</span> <span class='ocrx_word' id='word_1_125' title='bbox 1182 2426 1282 2491; x_wconf 80' lang='lat' dir='ltr'>sopra</span> <span class='ocrx_word' id='word_1_126' title='bbox 1298 2404 1322 2471; x_wconf 91' lang='lat' dir='ltr'>il</span> <span class='ocrx_word' id='word_1_127' title='bbox 1341 2406 1403 2471; x_wconf 92' lang='lat' dir='ltr'>Dr.</span> <span class='ocrx_word' id='word_1_128' title='bbox 1421 2404 1570 2483; x_wconf 63' lang='lat' dir='ltr'>Cannio,</span> <span class='ocrx_word' id='word_1_129' title='bbox 1587 2417 1619 2471; x_wconf 91' lang='lat' dir='ltr'>et</span> 
     </span>
     <span class='ocr_line' id='line_1_17' title="bbox 398 2512 1616 2607; baseline 0.007 -28"><span class='ocrx_word' id='word_1_130' title='bbox 398 2512 424 2579; x_wconf 64' lang='lat'>1³</span> <span class='ocrx_word' id='word_1_131' title='bbox 440 2516 573 2603; x_wconf 80' lang='lat' dir='ltr'>origine</span> <span class='ocrx_word' id='word_1_132' title='bbox 588 2516 623 2582; x_wconf 91' lang='lat' dir='ltr'>di</span> <span class='ocrx_word' id='word_1_133' title='bbox 638 2519 763 2601; x_wconf 87' lang='lat' dir='ltr'>quella,</span> <span class='ocrx_word' id='word_1_134' title='bbox 781 2520 837 2585; x_wconf 85' lang='lat' dir='ltr'>ch’</span> <span class='ocrx_word' id='word_1_135' title='bbox 854 2518 888 2585; x_wconf 90' lang='lat' dir='ltr'>io</span> <span class='ocrx_word' id='word_1_136' title='bbox 904 2540 974 2585; x_wconf 89' lang='lat' dir='ltr'>non</span> <span class='ocrx_word' id='word_1_137' title='bbox 990 2518 1111 2585; x_wconf 90' lang='lat' dir='ltr'>dubito</span> <span class='ocrx_word' id='word_1_138' title='bbox 1127 2518 1177 2585; x_wconf 87' lang='lat' dir='ltr'>sia</span> <span class='ocrx_word' id='word_1_139' title='bbox 1193 2520 1214 2584; x_wconf 88' lang='lat' dir='ltr'>l&#39;</span> <span class='ocrx_word' id='word_1_140' title='bbox 1231 2520 1392 2607; x_wconf 90' lang='lat' dir='ltr'>opinione</span> <span class='ocrx_word' id='word_1_141' title='bbox 1406 2522 1498 2587; x_wconf 87' lang='lat' dir='ltr'>bona</span> <span class='ocrx_word' id='word_1_142' title='bbox 1513 2532 1546 2589; x_wconf 90' lang='lat' dir='ltr'>et</span> <span class='ocrx_word' id='word_1_143' title='bbox 1561 2522 1616 2587; x_wconf 88' lang='lat' dir='ltr'>be·</span> 
     </span>
     <span class='ocr_line' id='line_1_18' title="bbox 398 2632 1618 2717; baseline 0.003 -18"><span class='ocrx_word' id='word_1_144' title='bbox 398 2633 587 2699; x_wconf 88' lang='lat' dir='ltr'>neuolenza</span> <span class='ocrx_word' id='word_1_145' title='bbox 603 2644 744 2717; x_wconf 79' lang='lat' dir='ltr'>paterna</span> <span class='ocrx_word' id='word_1_146' title='bbox 756 2654 857 2702; x_wconf 90' lang='lat' dir='ltr'>verso</span> <span class='ocrx_word' id='word_1_147' title='bbox 871 2632 906 2699; x_wconf 88' lang='lat' dir='ltr'>di</span> <span class='ocrx_word' id='word_1_148' title='bbox 923 2633 991 2714; x_wconf 88' lang='lat' dir='ltr'>noi,</span> <span class='ocrx_word' id='word_1_149' title='bbox 1014 2644 1114 2701; x_wconf 88' lang='lat' dir='ltr'>sento</span> <span class='ocrx_word' id='word_1_150' title='bbox 1134 2646 1345 2705; x_wconf 84' lang='lat' dir='ltr'>certamente</span> <span class='ocrx_word' id='word_1_151' title='bbox 1366 2638 1473 2703; x_wconf 85' lang='lat' dir='ltr'>molto</span> <span class='ocrx_word' id='word_1_152' title='bbox 1491 2654 1618 2703; x_wconf 84' lang='lat' dir='ltr'>cresee-</span> 
     </span>
     <span class='ocr_line' id='line_1_19' title="bbox 398 2747 1618 2834; baseline 0.003 -23"><span class='ocrx_word' id='word_1_153' title='bbox 398 2766 435 2815; x_wconf 84' lang='lat' dir='ltr'>re</span> <span class='ocrx_word' id='word_1_154' title='bbox 451 2759 466 2788; x_wconf 81' lang='lat'>⁸</span> <span class='ocrx_word' id='word_1_155' title='bbox 481 2748 504 2811; x_wconf 91' lang='lat' dir='ltr'>l&#39;</span> <span class='ocrx_word' id='word_1_156' title='bbox 521 2747 649 2834; x_wconf 81' lang='lat' dir='ltr'>obligo,</span> <span class='ocrx_word' id='word_1_157' title='bbox 667 2759 703 2817; x_wconf 88' lang='lat' dir='ltr'>et</span> <span class='ocrx_word' id='word_1_158' title='bbox 718 2748 861 2817; x_wconf 85' lang='lat' dir='ltr'>insieme</span> <span class='ocrx_word' id='word_1_159' title='bbox 876 2750 899 2815; x_wconf 88' lang='lat' dir='ltr'>l&#39;</span> <span class='ocrx_word' id='word_1_160' title='bbox 918 2750 1043 2819; x_wconf 85' lang='lat' dir='ltr'>affecto</span> <span class='ocrx_word' id='word_1_161' title='bbox 1058 2752 1103 2820; x_wconf 91' lang='lat' dir='ltr'>de</span> <span class='ocrx_word' id='word_1_162' title='bbox 1122 2751 1251 2821; x_wconf 88' lang='lat' dir='ltr'>seruire</span> <span class='ocrx_word' id='word_1_163' title='bbox 1272 2776 1292 2821; x_wconf 90' lang='lat' dir='ltr'>a</span> <span class='ocrx_word' id='word_1_164' title='bbox 1316 2753 1360 2821; x_wconf 89' lang='lat' dir='ltr'>V.</span> <span class='ocrx_word' id='word_1_165' title='bbox 1383 2750 1471 2821; x_wconf 80' lang='lat' dir='ltr'>Stia.</span> <span class='ocrx_word' id='word_1_166' title='bbox 1491 2754 1618 2820; x_wconf 82' lang='lat' dir='ltr'>Rmn.a</span> 
     </span>
     <span class='ocr_line' id='line_1_20' title="bbox 394 2862 764 2949; baseline 0.008 -21"><span class='ocrx_word' id='word_1_167' title='bbox 394 2862 506 2949; x_wconf 88' lang='lat' dir='ltr'>gloria</span> <span class='ocrx_word' id='word_1_168' title='bbox 521 2864 565 2930; x_wconf 91' lang='lat' dir='ltr'>de</span> <span class='ocrx_word' id='word_1_169' title='bbox 579 2864 646 2931; x_wconf 91' lang='lat' dir='ltr'>Dio</span> <span class='ocrx_word' id='word_1_170' title='bbox 663 2866 708 2931; x_wconf 91' lang='lat' dir='ltr'>N.</span> <span class='ocrx_word' id='word_1_171' title='bbox 727 2866 764 2934; x_wconf 91' lang='lat' dir='ltr'>S.</span> 
     </span>
    </p>

    <p class='ocr_par' dir='ltr' id='par_1_8' title="bbox 395 2980 1617 3761">
     <span class='ocr_line' id='line_1_21' title="bbox 407 2980 1617 3077; baseline 0.001 -31"><span class='ocrx_word' id='word_1_172' title='bbox 407 3015 412 3026; x_wconf 48' lang='grc' dir='ltr'><strong><em>ι</em></strong></span> <span class='ocrx_word' id='word_1_173' title='bbox 464 2980 539 3046; x_wconf 87' lang='lat' dir='ltr'>Con</span> <span class='ocrx_word' id='word_1_174' title='bbox 555 2990 692 3065; x_wconf 87' lang='lat' dir='ltr'>questo,</span> <span class='ocrx_word' id='word_1_175' title='bbox 710 2992 838 3065; x_wconf 86' lang='lat' dir='ltr'>quanto</span> <span class='ocrx_word' id='word_1_176' title='bbox 854 2982 887 3047; x_wconf 86' lang='lat' dir='ltr'>al</span> <span class='ocrx_word' id='word_1_177' title='bbox 903 2983 1050 3068; x_wconf 86' lang='lat' dir='ltr'>negocio</span> <span class='ocrx_word' id='word_1_178' title='bbox 1069 2984 1126 3052; x_wconf 87' lang='lat' dir='ltr'>del</span> <span class='ocrx_word' id='word_1_179' title='bbox 1145 2986 1206 3077; x_wconf 88' lang='lat' dir='ltr'>Dr.</span> <span class='ocrx_word' id='word_1_180' title='bbox 1231 2984 1383 3065; x_wconf 65' lang='lat' dir='ltr'>Cannio,</span> <span class='ocrx_word' id='word_1_181' title='bbox 1401 2986 1534 3052; x_wconf 76' lang='lat' dir='ltr'>benche</span> <span class='ocrx_word' id='word_1_182' title='bbox 1556 3002 1617 3049; x_wconf 91' lang='lat' dir='ltr'>non</span> 
     </span>
     <span class='ocr_line' id='line_1_22' title="bbox 397 3092 1616 3187; baseline 0.004 -27"><span class='ocrx_word' id='word_1_183' title='bbox 397 3114 505 3181; x_wconf 84' lang='lat' dir='ltr'>penso</span> <span class='ocrx_word' id='word_1_184' title='bbox 531 3096 589 3180; x_wconf 90' lang='lat' dir='ltr'>qui</span> <span class='ocrx_word' id='word_1_185' title='bbox 611 3096 673 3163; x_wconf 81' lang='lat' dir='ltr'>dar</span> <span class='ocrx_word' id='word_1_186' title='bbox 693 3095 876 3165; x_wconf 81' lang='lat' dir='ltr'>altrimenti</span> <span class='ocrx_word' id='word_1_187' title='bbox 897 3096 1033 3183; x_wconf 76' lang='lat' dir='ltr'>regioni</span> <span class='ocrx_word' id='word_1_188' title='bbox 1055 3118 1116 3183; x_wconf 89' lang='lat' dir='ltr'>per</span> <span class='ocrx_word' id='word_1_189' title='bbox 1135 3120 1206 3165; x_wconf 91' lang='lat' dir='ltr'>non</span> <span class='ocrx_word' id='word_1_190' title='bbox 1235 3098 1352 3168; x_wconf 84' lang='lat' dir='ltr'>intrar&#39;</span> <span class='ocrx_word' id='word_1_191' title='bbox 1372 3092 1551 3187; x_wconf 71' lang='lat' dir='ltr'>in&#39;longhi</span> <span class='ocrx_word' id='word_1_192' title='bbox 1570 3098 1616 3165; x_wconf 91' lang='lat' dir='ltr'>di·</span> 
     </span>
     <span class='ocr_line' id='line_1_23' title="bbox 396 3209 1617 3293; baseline 0.002 -16"><span class='ocrx_word' id='word_1_193' title='bbox 396 3209 517 3293; x_wconf 86' lang='lat' dir='ltr'>seorsi,</span> <span class='ocrx_word' id='word_1_194' title='bbox 533 3211 643 3278; x_wconf 77' lang='lat' dir='ltr'>saccio</span> <span class='ocrx_word' id='word_1_195' title='bbox 654 3222 749 3280; x_wconf 86' lang='lat' dir='ltr'>certa</span> <span class='ocrx_word' id='word_1_196' title='bbox 759 3212 803 3278; x_wconf 95' lang='lat' dir='ltr'>V.</span> <span class='ocrx_word' id='word_1_197' title='bbox 818 3210 908 3282; x_wconf 87' lang='lat' dir='ltr'>Sria.</span> <span class='ocrx_word' id='word_1_198' title='bbox 925 3214 1023 3280; x_wconf 85' lang='lat' dir='ltr'>Rma.</span> <span class='ocrx_word' id='word_1_199' title='bbox 1043 3214 1120 3293; x_wconf 83' lang='lat' dir='ltr'>che,</span> <span class='ocrx_word' id='word_1_200' title='bbox 1138 3233 1207 3279; x_wconf 92' lang='lat' dir='ltr'>non</span> <span class='ocrx_word' id='word_1_201' title='bbox 1224 3214 1450 3282; x_wconf 82' lang='lat' dir='ltr'>desiderando</span> <span class='ocrx_word' id='word_1_202' title='bbox 1465 3214 1524 3281; x_wconf 92' lang='lat' dir='ltr'>noi</span> <span class='ocrx_word' id='word_1_203' title='bbox 1540 3215 1617 3281; x_wconf 83' lang='lat' dir='ltr'>altro</span> 
     </span>
     <span class='ocr_line' id='line_1_24' title="bbox 396 3325 1616 3417; baseline 0.002 -26"><span class='ocrx_word' id='word_1_204' title='bbox 396 3325 477 3395; x_wconf 88' lang='lat' dir='ltr'>nelli</span> <span class='ocrx_word' id='word_1_205' title='bbox 493 3326 687 3413; x_wconf 80' lang='lat' dir='ltr'>particulari</span> <span class='ocrx_word' id='word_1_206' title='bbox 703 3340 737 3394; x_wconf 91' lang='lat' dir='ltr'>et</span> <span class='ocrx_word' id='word_1_207' title='bbox 753 3328 809 3394; x_wconf 89' lang='lat' dir='ltr'>nel</span> <span class='ocrx_word' id='word_1_208' title='bbox 823 3348 928 3414; x_wconf 90' lang='lat' dir='ltr'>corpo</span> <span class='ocrx_word' id='word_1_209' title='bbox 944 3327 1137 3397; x_wconf 81' lang='lat' dir='ltr'>vniuersale</span> <span class='ocrx_word' id='word_1_210' title='bbox 1151 3330 1196 3397; x_wconf 85' lang='lat' dir='ltr'>de</span> <span class='ocrx_word' id='word_1_211' title='bbox 1211 3329 1244 3395; x_wconf 81' lang='lat' dir='ltr'>ln</span> <span class='ocrx_word' id='word_1_212' title='bbox 1260 3328 1488 3417; x_wconf 86' lang='lat' dir='ltr'>Compagnia,</span> <span class='ocrx_word' id='word_1_213' title='bbox 1502 3352 1540 3399; x_wconf 87' lang='lat' dir='ltr'>se</span> <span class='ocrx_word' id='word_1_214' title='bbox 1555 3350 1616 3395; x_wconf 91' lang='lat' dir='ltr'>non</span> 
     </span>
     <span class='ocr_line' id='line_1_25' title="bbox 395 3438 1617 3530; baseline 0.002 -24"><span class='ocrx_word' id='word_1_215' title='bbox 395 3438 421 3505; x_wconf 89' lang='lat' dir='ltr'>il</span> <span class='ocrx_word' id='word_1_216' title='bbox 436 3441 555 3509; x_wconf 91' lang='lat' dir='ltr'>diuino</span> <span class='ocrx_word' id='word_1_217' title='bbox 569 3442 710 3511; x_wconf 90' lang='lat' dir='ltr'>seruitio</span> <span class='ocrx_word' id='word_1_218' title='bbox 725 3454 760 3511; x_wconf 90' lang='lat' dir='ltr'>et</span> <span class='ocrx_word' id='word_1_219' title='bbox 775 3443 922 3530; x_wconf 87' lang='lat' dir='ltr'>aggiuto</span> <span class='ocrx_word' id='word_1_220' title='bbox 943 3442 1022 3511; x_wconf 87' lang='lat' dir='ltr'>dell&#39;</span> <span class='ocrx_word' id='word_1_221' title='bbox 1040 3442 1165 3525; x_wconf 83' lang='lat' dir='ltr'>anime,</span> <span class='ocrx_word' id='word_1_222' title='bbox 1182 3454 1218 3509; x_wconf 90' lang='lat' dir='ltr'>et</span> <span class='ocrx_word' id='word_1_223' title='bbox 1238 3445 1399 3513; x_wconf 82' lang='lat' dir='ltr'>hauendo</span> <span class='ocrx_word' id='word_1_224' title='bbox 1423 3444 1511 3511; x_wconf 86' lang='lat' dir='ltr'>assai</span> <span class='ocrx_word' id='word_1_225' title='bbox 1535 3442 1617 3512; x_wconf 88' lang='lat' dir='ltr'>noti·</span> 
     </span>
     <span class='ocr_line' id='line_1_26' title="bbox 396 3557 1615 3647; baseline -0.001 -23"><span class='ocrx_word' id='word_1_226' title='bbox 396 3557 451 3625; x_wconf 84' lang='lat' dir='ltr'>cia</span> <span class='ocrx_word' id='word_1_227' title='bbox 466 3559 555 3627; x_wconf 87' lang='lat' dir='ltr'>delle</span> <span class='ocrx_word' id='word_1_228' title='bbox 571 3580 651 3625; x_wconf 91' lang='lat' dir='ltr'>cose</span> <span class='ocrx_word' id='word_1_229' title='bbox 663 3569 793 3640; x_wconf 89' lang='lat' dir='ltr'>nostre,</span> <span class='ocrx_word' id='word_1_230' title='bbox 808 3559 1004 3646; x_wconf 85' lang='lat' dir='ltr'>giudicamo</span> <span class='ocrx_word' id='word_1_231' title='bbox 1016 3560 1071 3627; x_wconf 90' lang='lat' dir='ltr'>nel</span> <span class='ocrx_word' id='word_1_232' title='bbox 1083 3558 1201 3626; x_wconf 88' lang='lat' dir='ltr'>diuino</span> <span class='ocrx_word' id='word_1_233' title='bbox 1213 3570 1398 3647; x_wconf 85' lang='lat' dir='ltr'>conspecto</span> <span class='ocrx_word' id='word_1_234' title='bbox 1409 3562 1475 3627; x_wconf 86' lang='lat' dir='ltr'>che</span> <span class='ocrx_word' id='word_1_235' title='bbox 1486 3580 1554 3627; x_wconf 92' lang='lat' dir='ltr'>non</span> <span class='ocrx_word' id='word_1_236' title='bbox 1570 3579 1615 3623; x_wconf 85' lang='lat' dir='ltr'>sa-</span> 
     </span>
     <span class='ocr_line' id='line_1_27' title="bbox 396 3673 1617 3761; baseline -0.001 -22"><span class='ocrx_word' id='word_1_237' title='bbox 396 3676 502 3743; x_wconf 92' lang='lat' dir='ltr'>rebbe</span> <span class='ocrx_word' id='word_1_238' title='bbox 518 3675 715 3761; x_wconf 87' lang='lat' dir='ltr'>espediente</span> <span class='ocrx_word' id='word_1_239' title='bbox 730 3674 765 3741; x_wconf 91' lang='lat' dir='ltr'>in</span> <span class='ocrx_word' id='word_1_240' title='bbox 781 3676 884 3741; x_wconf 93' lang='lat' dir='ltr'>modo</span> <span class='ocrx_word' id='word_1_241' title='bbox 909 3676 1032 3743; x_wconf 81' lang='lat' dir='ltr'>alcuno</span> <span class='ocrx_word' id='word_1_242' title='bbox 1055 3677 1120 3743; x_wconf 90' lang='lat' dir='ltr'>che</span> <span class='ocrx_word' id='word_1_243' title='bbox 1143 3673 1172 3742; x_wconf 94' lang='lat' dir='ltr'>si</span> <span class='ocrx_word' id='word_1_244' title='bbox 1197 3673 1376 3745; x_wconf 82' lang='lat' dir='ltr'>accettassi</span> <span class='ocrx_word' id='word_1_245' title='bbox 1404 3676 1448 3743; x_wconf 82' lang='lat' dir='ltr'>dn</span> <span class='ocrx_word' id='word_1_246' title='bbox 1474 3694 1617 3744; x_wconf 81' lang='lat' dir='ltr'>nessuno</span> 
     </span>
    </p>
   </div>
   <div class='ocr_carea' id='block_1_8' title="bbox 396 3799 593 3808">
    <p class='ocr_par' dir='ltr' id='par_1_9' title="bbox 396 3799 593 3808">
     <span class='ocr_line' id='line_1_28' title="bbox 396 3799 593 3808; baseline 0.005 -1"><span class='ocrx_word' id='word_1_247' title='bbox 396 3799 593 3808; x_wconf 57' lang='grc' dir='ltr'>ψ...</span> 
     </span>
    </p>
   </div>
   <div class='ocr_carea' id='block_1_9' title="bbox 449 3862 784 3919">
    <p class='ocr_par' dir='ltr' id='par_1_10' title="bbox 449 3862 784 3919">
     <span class='ocr_line' id='line_1_29' title="bbox 449 3862 784 3919; baseline 0 0"><span class='ocrx_word' id='word_1_248' title='bbox 449 3878 464 3907; x_wconf 79' lang='lat'>⁸</span> <span class='ocrx_word' id='word_1_249' title='bbox 498 3862 656 3919; x_wconf 87' lang='lat' dir='ltr'>crescerrni</span> <span class='ocrx_word' id='word_1_250' title='bbox 668 3864 724 3919; x_wconf 80' lang='lat' dir='ltr'>alt.</span> <span class='ocrx_word' id='word_1_251' title='bbox 738 3880 784 3919; x_wconf 82' lang='lat' dir='ltr'>ex.</span> 
     </span>
    </p>
   </div>
   <div class='ocr_carea' id='block_1_10' title="bbox 396 3968 594 3981">
    <p class='ocr_par' dir='ltr' id='par_1_11' title="bbox 396 3968 594 3981">
     <span class='ocr_line' id='line_1_30' title="bbox 396 3968 594 3981; baseline 0 0"><span class='ocrx_word' id='word_1_252' title='bbox 396 3968 594 3981; x_wconf 48' lang='grc'>*-</span> 
     </span>
    </p>
   </div>
   <div class='ocr_carea' id='block_1_11' title="bbox 394 4030 1619 4642">
    <p class='ocr_par' dir='ltr' id='par_1_12' title="bbox 395 4030 1618 4285">
     <span class='ocr_line' id='line_1_31' title="bbox 451 4030 1617 4107; baseline -0.002 -18"><span class='ocrx_word' id='word_1_253' title='bbox 451 4039 459 4069; x_wconf 86' lang='lat'><strong>¹</strong></span> <span class='ocrx_word' id='word_1_254' title='bbox 498 4034 542 4089; x_wconf 85' lang='lat' dir='ltr'>Ex</span> <span class='ocrx_word' id='word_1_255' title='bbox 554 4032 657 4089; x_wconf 72' lang='lat' dir='ltr'>codiee</span> <span class='ocrx_word' id='word_1_256' title='bbox 671 4034 789 4107; x_wconf 75' lang='lat' dir='ltr'>Regest.</span> <span class='ocrx_word' id='word_1_257' title='bbox 804 4034 831 4099; x_wconf 82' lang='lat' dir='ltr'>I,</span> <span class='ocrx_word' id='word_1_258' title='bbox 844 4034 897 4090; x_wconf 80' lang='lat' dir='ltr'>iol.</span> <span class='ocrx_word' id='word_1_259' title='bbox 915 4030 994 4094; x_wconf 75' lang='lat' dir='ltr'>zo8r.</span> <span class='ocrx_word' id='word_1_260' title='bbox 1009 4034 1042 4089; x_wconf 87' lang='lat' dir='ltr'>in</span> <span class='ocrx_word' id='word_1_261' title='bbox 1058 4031 1131 4093; x_wconf 83' lang='lat' dir='ltr'>Cod.</span> <span class='ocrx_word' id='word_1_262' title='bbox 1146 4033 1233 4092; x_wconf 84' lang='lat' dir='ltr'>Rom.</span> <span class='ocrx_word' id='word_1_263' title='bbox 1248 4034 1272 4101; x_wconf 82' lang='grc' dir='ltr'>Ι,</span> <span class='ocrx_word' id='word_1_264' title='bbox 1288 4052 1319 4090; x_wconf 88' lang='lat' dir='ltr'>n.</span> <span class='ocrx_word' id='word_1_265' title='bbox 1341 4032 1442 4103; x_wconf 80' lang='lat' dir='ltr'>CLXI,</span> <span class='ocrx_word' id='word_1_266' title='bbox 1457 4034 1538 4106; x_wconf 88' lang='lat' dir='ltr'>prius</span> <span class='ocrx_word' id='word_1_267' title='bbox 1557 4030 1617 4103; x_wconf 79' lang='lat'>660,</span> 
     </span>
     <span class='ocr_line' id='line_1_32' title="bbox 395 4121 1618 4196; baseline -0.002 -17"><span class='ocrx_word' id='word_1_268' title='bbox 395 4130 515 4179; x_wconf 80' lang='lat' dir='ltr'>exstent</span> <span class='ocrx_word' id='word_1_269' title='bbox 536 4122 705 4178; x_wconf 76' lang='lat' dir='ltr'>adversaria</span> <span class='ocrx_word' id='word_1_270' title='bbox 725 4121 813 4195; x_wconf 85' lang='lat' dir='ltr'>hujus</span> <span class='ocrx_word' id='word_1_271' title='bbox 835 4122 993 4196; x_wconf 79' lang='lat' dir='ltr'>epistolae,</span> <span class='ocrx_word' id='word_1_272' title='bbox 1019 4122 1052 4181; x_wconf 85' lang='lat' dir='ltr'>P.</span> <span class='ocrx_word' id='word_1_273' title='bbox 1076 4122 1194 4179; x_wconf 82' lang='lat' dir='ltr'>Polenci</span> <span class='ocrx_word' id='word_1_274' title='bbox 1214 4140 1303 4180; x_wconf 77' lang='lat' dir='ltr'>manu</span> <span class='ocrx_word' id='word_1_275' title='bbox 1324 4122 1618 4185; x_wconf 65' lang='lat' dir='ltr'>sternte—Curius,</span> 
     </span>
     <span class='ocr_line' id='line_1_33' title="bbox 396 4210 681 4285; baseline 0.011 -18"><span class='ocrx_word' id='word_1_276' title='bbox 396 4210 681 4285; x_wconf 61' lang='lat' dir='ltr'>mcccxxxvm.</span> 
     </span>
    </p>

    <p class='ocr_par' dir='ltr' id='par_1_13' title="bbox 394 4297 1619 4642">
     <span class='ocr_line' id='line_1_34' title="bbox 449 4297 1619 4375; baseline -0.003 -18"><span class='ocrx_word' id='word_1_277' title='bbox 449 4305 461 4337; x_wconf 86' lang='lat'><strong>¹</strong></span> <span class='ocrx_word' id='word_1_278' title='bbox 498 4302 698 4375; x_wconf 80' lang='lat' dir='ltr'>Hieronymus</span> <span class='ocrx_word' id='word_1_279' title='bbox 716 4302 919 4373; x_wconf 75' lang='lat' dir='ltr'>Martinengus</span> <span class='ocrx_word' id='word_1_280' title='bbox 936 4301 1084 4375; x_wconf 81' lang='lat' dir='ltr'>pontificis</span> <span class='ocrx_word' id='word_1_281' title='bbox 1105 4302 1254 4373; x_wconf 81' lang='lat' dir='ltr'>legatione</span> <span class='ocrx_word' id='word_1_282' title='bbox 1274 4302 1353 4375; x_wconf 75' lang='lat' dir='ltr'>apud</span> <span class='ocrx_word' id='word_1_283' title='bbox 1379 4297 1591 4357; x_wconf 83' lang='lat' dir='ltr'>Ferdinnndum</span> <span class='ocrx_word' id='word_1_284' title='bbox 1608 4298 1619 4353; x_wconf 90' lang='lat'>1</span> 
     </span>
     <span class='ocr_line' id='line_1_35' title="bbox 395 4386 1617 4461; baseline -0.002 -16"><span class='ocrx_word' id='word_1_285' title='bbox 395 4386 586 4461; x_wconf 72' lang='lat' dir='ltr'>fungebatur.</span> <span class='ocrx_word' id='word_1_286' title='bbox 601 4391 647 4446; x_wconf 90' lang='lat' dir='ltr'>De</span> <span class='ocrx_word' id='word_1_287' title='bbox 657 4392 713 4446; x_wconf 85' lang='lat' dir='ltr'>hoc</span> <span class='ocrx_word' id='word_1_288' title='bbox 727 4392 790 4447; x_wconf 79' lang='lat' dir='ltr'>viro</span> <span class='ocrx_word' id='word_1_289' title='bbox 803 4409 861 4447; x_wconf 89' lang='lat' dir='ltr'>non</span> <span class='ocrx_word' id='word_1_290' title='bbox 874 4393 968 4448; x_wconf 84' lang='lat' dir='ltr'>semel</span> <span class='ocrx_word' id='word_1_291' title='bbox 981 4390 1058 4448; x_wconf 78' lang='lat' dir='ltr'>iectu</span> <span class='ocrx_word' id='word_1_292' title='bbox 1071 4408 1088 4447; x_wconf 82' lang='lat' dir='ltr'>a</span> <span class='ocrx_word' id='word_1_293' title='bbox 1100 4390 1186 4447; x_wconf 86' lang='lat' dir='ltr'>nobis</span> <span class='ocrx_word' id='word_1_294' title='bbox 1198 4400 1245 4447; x_wconf 87' lang='lat' dir='ltr'>est</span> <span class='ocrx_word' id='word_1_295' title='bbox 1258 4391 1383 4447; x_wconf 86' lang='lat' dir='ltr'>mentio.</span> <span class='ocrx_word' id='word_1_296' title='bbox 1400 4388 1447 4446; x_wconf 81' lang='lat' dir='ltr'>nd</span> <span class='ocrx_word' id='word_1_297' title='bbox 1462 4406 1524 4445; x_wconf 84' lang='lat' dir='ltr'>rem</span> <span class='ocrx_word' id='word_1_298' title='bbox 1541 4403 1617 4455; x_wconf 81' lang='lat' dir='ltr'>veru,</span> 
     </span>
     <span class='ocr_line' id='line_1_36' title="bbox 394 4477 1616 4553; baseline -0.002 -20"><span class='ocrx_word' id='word_1_299' title='bbox 394 4477 503 4552; x_wconf 79' lang='lat' dir='ltr'>deque</span> <span class='ocrx_word' id='word_1_300' title='bbox 516 4478 684 4553; x_wconf 80' lang='lat' dir='ltr'>hicagitnr‚</span> <span class='ocrx_word' id='word_1_301' title='bbox 697 4496 804 4553; x_wconf 82' lang='lat' dir='ltr'>nempe</span> <span class='ocrx_word' id='word_1_302' title='bbox 822 4490 855 4537; x_wconf 93' lang='lat' dir='ltr'>ut</span> <span class='ocrx_word' id='word_1_303' title='bbox 876 4488 1035 4553; x_wconf 81' lang='lat' dir='ltr'>cogeretur</span> <span class='ocrx_word' id='word_1_304' title='bbox 1056 4479 1193 4537; x_wconf 83' lang='lat' dir='ltr'>Cnnisius</span> <span class='ocrx_word' id='word_1_305' title='bbox 1212 4479 1403 4537; x_wconf 81' lang='lat' dir='ltr'>viennensem</span> <span class='ocrx_word' id='word_1_306' title='bbox 1421 4478 1616 4551; x_wconf 72' lang='lat' dir='ltr'>episcopatum</span> 
     </span>
     <span class='ocr_line' id='line_1_37' title="bbox 394 4564 1615 4642; baseline -0.004 -18"><span class='ocrx_word' id='word_1_307' title='bbox 394 4568 557 4642; x_wconf 75' lang='lat' dir='ltr'>suscipere,</span> <span class='ocrx_word' id='word_1_308' title='bbox 571 4568 726 4624; x_wconf 79' lang='lat' dir='ltr'>videantur</span> <span class='ocrx_word' id='word_1_309' title='bbox 742 4570 839 4641; x_wconf 80' lang='lat' dir='ltr'>Epist.</span> <span class='ocrx_word' id='word_1_310' title='bbox 854 4570 981 4635; x_wconf 77' lang='lat' dir='ltr'>Mixtus,</span> <span class='ocrx_word' id='word_1_311' title='bbox 999 4568 1053 4639; x_wconf 91' lang='lat'>111,</span> <span class='ocrx_word' id='word_1_312' title='bbox 1067 4568 1205 4642; x_wconf 80' lang='lat' dir='ltr'>403·4oo;</span> <span class='ocrx_word' id='word_1_313' title='bbox 1223 4570 1406 4641; x_wconf 76' lang='grc' dir='ltr'>ΡοιΑΝουε,</span> <span class='ocrx_word' id='word_1_314' title='bbox 1427 4567 1549 4631; x_wconf 77' lang='lat' dir='ltr'>Chron,</span> <span class='ocrx_word' id='word_1_315' title='bbox 1567 4564 1615 4633; x_wconf 80' lang='grc' dir='ltr'>ΠΙ,</span> 
     </span>
    </p>
   </div>
   <div class='ocr_carea' id='block_1_12' title="bbox 395 4654 1739 4731">
    <p class='ocr_par' dir='ltr' id='par_1_14' title="bbox 395 4654 1739 4731">
     <span class='ocr_line' id='line_1_38' title="bbox 395 4654 1739 4731; baseline -0.001 -19"><span class='ocrx_word' id='word_1_316' title='bbox 395 4669 459 4727; x_wconf 81' lang='lat'>254,</span> <span class='ocrx_word' id='word_1_317' title='bbox 473 4670 537 4729; x_wconf 80' lang='lat'><strong>255,</strong></span> <span class='ocrx_word' id='word_1_318' title='bbox 550 4661 606 4727; x_wconf 80' lang='lat'>264</span> <span class='ocrx_word' id='word_1_319' title='bbox 615 4666 646 4713; x_wconf 93' lang='lat' dir='ltr'>et</span> <span class='ocrx_word' id='word_1_320' title='bbox 658 4659 722 4728; x_wconf 82' lang='lat'><strong>265.</strong></span> <span class='ocrx_word' id='word_1_321' title='bbox 735 4658 783 4716; x_wconf 85' lang='lat' dir='ltr'>Ci.</span> <span class='ocrx_word' id='word_1_322' title='bbox 797 4658 1066 4731; x_wconf 75' lang='lat' dir='ltr'>Bsnunssnnosn,</span> <span class='ocrx_word' id='word_1_323' title='bbox 1082 4656 1172 4714; x_wconf 81' lang='lat' dir='ltr'>Beati</span> <span class='ocrx_word' id='word_1_324' title='bbox 1187 4658 1277 4714; x_wconf 76' lang='lat' dir='ltr'>Petri</span> <span class='ocrx_word' id='word_1_325' title='bbox 1295 4656 1448 4716; x_wconf 66' lang='lat' dir='ltr'>Caunii...</span> <span class='ocrx_word' id='word_1_326' title='bbox 1466 4654 1615 4728; x_wconf 73' lang='lat' dir='ltr'>Epistulas</span> <span class='ocrx_word' id='word_1_327' title='bbox 1738 4700 1739 4721; x_wconf 62' lang='grc'>,</span> 
     </span>
    </p>
   </div>
   <div class='ocr_carea' id='block_1_13' title="bbox 393 4748 631 4819">
    <p class='ocr_par' dir='ltr' id='par_1_15' title="bbox 393 4748 631 4819">
     <span class='ocr_line' id='line_1_39' title="bbox 393 4748 631 4819; baseline 0.025 -18"><span class='ocrx_word' id='word_1_328' title='bbox 393 4750 423 4801; x_wconf 84' lang='lat' dir='ltr'>et</span> <span class='ocrx_word' id='word_1_329' title='bbox 435 4752 515 4813; x_wconf 81' lang='lat' dir='ltr'>ocio,</span> <span class='ocrx_word' id='word_1_330' title='bbox 529 4748 554 4819; x_wconf 86' lang='lat'>1,</span> <span class='ocrx_word' id='word_1_331' title='bbox 567 4760 631 4817; x_wconf 87' lang='lat'><strong>427.</strong></span> 
     </span>
    </p>
   </div>
   <div class='ocr_carea' id='block_1_14' title="bbox 0 0 1788 5409">
    <p class='ocr_par' dir='ltr' id='par_1_16' title="bbox 0 0 1788 5409">
     <span class='ocr_line' id='line_1_40' title="bbox 0 0 1788 5409; baseline 0 3"><span class='ocrx_word' id='word_1_332' title='bbox 0 0 1788 5409; x_wconf 95' lang='lat' dir='ltr'> </span> 
     </span>
    </p>
   </div>
  </div>
 </body>
</html>
