3567 5409
428 460 481 540 6334
808 461 1016 517 Monuuentn
1037 461 1215 515 [quartana

385 611 540 699 viaggio,
560 634 628 678 non
645 611 842 701 bisogneria
859 615 959 696 farlo,
977 614 1105 700 perche
1122 614 1155 680 la
1169 612 1346 681 intencion
1363 613 1408 680 de
1424 611 1468 678 N.
1485 613 1518 681 P.
1542 635 1602 678 non

384 728 408 794 ε
422 726 457 794 di
474 729 614 796 mandat
629 729 719 796 cossi
736 739 853 815 presto
866 739 973 817 gente
984 729 1020 796 in
1034 728 1206 811 Aritnin03
1223 750 1278 795 ma
1294 749 1393 795 corno
1411 727 1483 794 loro
1496 729 1603 795 dlnno

386 865 456 910 vno
471 857 506 909 et
522 841 578 909 doi
595 843 675 910 anni
692 843 911 926 determino,
928 857 963 913 et
980 845 1016 911 in
1033 855 1156 930 questo
1173 865 1271 912 mezo
1287 841 1454 930 uogliono
1476 841 1606 910 fabrica·

386 979 436 1038 re,
455 979 535 1046 pare
550 959 638 1028 seria
654 962 721 1028 ben
738 963 904 1028 collocata
919 962 953 1027 la
969 959 1072 1027 fatica
1086 961 1130 1028 de
1146 960 1254 1027 ander
1267 961 1315 1026 fin
1332 959 1365 1026 la
1380 979 1447 1024 con
1466 957 1606 1026 comodi-

388 1075 424 1140 ta
438 1075 483 1143 de
499 1076 544 1142 V.
564 1077 606 1144 R.
1432 1161 1437 1168 a

454 1184 500 1252 Se
516 1207 536 1251 a
551 1183 698 1252 Genoua
714 1185 878 1254 accedere
896 1186 1036 1266 andare,
1054 1207 1126 1252 non
1138 1188 1215 1252 sera
1227 1183 1317 1250 cossl
1331 1194 1461 1269 presto,
1473 1185 1531 1250 che
1542 1203 1605 1247 non

386 1319 490 1386 possa
508 1299 766 1388 temporegiarsi
782 1299 840 1387 piu
857 1300 902 1367 de
917 1323 962 1366 vn
980 1321 1085 1381 mese,
1104 1321 1202 1368 come
1218 1300 1333 1367 eredo.
1352 1299 1396 1364 Et
1412 1308 1526 1382 questo
1546 1298 1601 1364 ba·

386 1413 434 1482 sti
450 1425 579 1500 quanto
595 1415 627 1481 al
640 1414 780 1503 viaggio
796 1417 886 1483 della
903 1418 943 1484 R.
965 1417 1009 1484 V.

454 1531 533 1597 Non
551 1530 733 1598 habbiamo
748 1530 845 1598 auiso
861 1553 899 1600 se
916 1532 949 1600 la
964 1533 1009 1602 R.
1027 1533 1071 1600 V.
1091 1555 1135 1598 ua
1150 1554 1171 1598 a
1191 1531 1350 1611 Venetia,
1369 1551 1391 1596 o
1412 1552 1489 1596 non.
1508 1526 1601 1596 Deoi-

384 1647 527 1713 deramo
543 1647 697 1729 hauerlo;
716 1657 751 1713 et
767 1659 890 1732 questa
907 1647 1019 1714 insino
1036 1671 1057 1715 a
1073 1669 1130 1714 mo
1146 1646 1267 1714 dubito
1283 1667 1322 1714 se
1336 1647 1428 1714 deuo
1442 1643 1599 1712 mandarla

387 1783 410 1828 a
423 1741 594 1849 Bologna,
613 1783 634 1828 o
651 1784 734 1830 vero
749 1785 769 1830 a
786 1763 945 1832 Venetia.

456 1878 521 1944 Del
538 1875 685 1965 bisogno
702 1879 746 1946 de
762 1900 808 1944 vn
824 1879 1004 1948 secerdote
1020 1901 1080 1966 per
1096 1881 1239 1947 Ferrara
1254 1877 1341 1944 assai
1365 1877 1394 1944 si
1416 1879 1510 1958 vede,
1535 1874 1607 1944 etsi

390 1992 551 2059 mandare
567 2015 615 2059 vn
630 1995 810 2062 sacerdote
826 1995 870 2060 da
886 1973 987 2075 bene,
1008 1997 1174 2075 francone,
1193 1994 1217 2062 'u
1232 1993 1313 2077 qual
1329 2014 1368 2060 sa
1379 1993 1413 2059 la
1425 1992 1537 2079 lingua
1548 1989 1607 2057 ita-

388 2106 479 2190 iana‚
509 2119 544 2176 et
573 2109 623 2174 fra
651 2109 713 2175 80
738 2127 778 2176 10
805 2108 932 2196 giomi,
957 2131 978 2175 o
999 2131 1098 2176 como
1120 2108 1228 2176 faccia
1251 2110 1321 2174 bon
1345 2122 1471 2194 tempo,
1487 2107 1515 2173 si
1533 2127 1602 2192 par·

390 2222 468 2289 tirel.

458 2340 484 2404 Il
500 2338 662 2426 giouane,
681 2342 747 2407 che
764 2343 807 2408 ha
823 2343 904 2427 quel
920 2342 1050 2409 defetto
1066 2342 1110 2408 de
1125 2341 1214 2406 vista
1231 2339 1288 2408 nel
1304 2361 1350 2404 vn
1367 2339 1498 2420 occhio‚
1517 2337 1610 2405 sein-

388 2454 495 2522 sierne
512 2474 578 2520 con
596 2466 718 2540 questo
734 2479 778 2524 ne
801 2459 846 2523 ha
869 2459 1018 2543 qualche
1041 2454 1235 2538 deformita,
1262 2477 1331 2522 non
1355 2457 1375 2521 ὁ
1397 2453 1432 2520 di
1458 2456 1605 2540 aceptar'.

388 2571 539 2656 Quando
560 2573 750 2640 solamente
773 2594 952 2641 mannasse
972 2573 1062 2640 nella
1083 2571 1184 2653 vista,
1207 2582 1243 2638 et
1268 2582 1359 2639 tutte
1381 2568 1403 2636 l'
1419 2570 1503 2636 altre
1522 2579 1608 2655 parte

385 2685 520 2752 sussino
535 2687 637 2768 bone,
657 2708 726 2754 non
742 2689 887 2756 sarebbe
903 2688 1148 2774 impedimento
1165 2710 1225 2774 per
1241 2687 1426 2774 aceptarlo.

453 2803 480 2868 ll
496 2803 616 2869 Tabon
635 2803 647 2835 ⁴
665 2803 698 2870 fa
713 2803 826 2870 officio
842 2805 885 2870 de
902 2815 1035 2871 rectore
1047 2803 1082 2870 in
1102 2804 1234 2870 Padua.

454 2917 555 2984 Circa
569 2916 592 2982 li
609 2917 746 3005 bisogni
763 2920 807 2987 de
824 2919 971 2988 Venetia
986 2921 1030 2988 de
1046 2931 1152 3006 gente
1168 2921 1211 2986 V.
1233 2921 1274 2986 R.
1292 2918 1417 2985 vedere
1431 2917 1541 3002 quello
1551 2917 1608 2982 che

388 3033 457 3118 puo
474 3033 544 3098 fare
557 3054 660 3098 sanzo
677 3034 798 3114 Roma,
813 3045 848 3102 et
865 3033 975 3100 faceia
989 3055 1089 3101 como
1104 3032 1172 3101 Dio
1184 3034 1207 3097 l'
1222 3031 1400 3118 inspirare.

454 3145 523 3214 Alli
540 3147 629 3234 preti
644 3147 680 3213 di
696 3147 933 3235 GarfagnanO,
957 3171 1018 3234 per
1032 3148 1118 3215 darll
1134 3148 1249 3215 animo
1265 3169 1337 3214 non
1353 3169 1436 3233 pare
1452 3145 1606 3213 inconne-

387 3261 505 3330 niente
521 3263 676 3330 scriuerli
688 3263 777 3330 della
789 3265 1005 3352 Compagnia
1020 3265 1064 3331 de
1076 3267 1173 3353 Jesu.

367 3393 374 3402 ·
456 3379 501 3445 Al
518 3379 580 3446 Dr.
601 3379 747 3446 Alberto
766 3383 777 3414 ⁵
794 3379 829 3448 in
846 3379 1015 3466 Augubio
1030 3391 1066 3448 et
1081 3380 1114 3445 al
1131 3380 1264 3447 fratello
1280 3380 1324 3447 de
1340 3381 1443 3446 Mtro.
1471 3379 1611 3445 Lorenzo

388 3491 424 3559 in
440 3494 584 3562 Ferrara
600 3494 628 3560 si
646 3495 746 3562 darnl
764 3496 881 3580 quello
899 3495 996 3562 auiso
1012 3497 1077 3562 che
1093 3497 1137 3562 V.
1158 3496 1199 3561 R.
1221 3495 1313 3562 uole.

456 3609 558 3678 Circa
573 3611 606 3678 le
624 3611 805 3678 mutationi
820 3611 865 3679 de
881 3613 984 3678 Mtro.
1003 3612 1151 3678 Caesare
1168 3613 1180 3646 ⁶
1197 3621 1233 3678 et
1245 3613 1348 3678 Mtro,
1359 3613 1415 3698 Jo.
1431 3611 1579 3676 Lorenzo
1590 3611 1610 3684 ³,

383 3737 613 3812 quantunque
625 3727 669 3792 V.
690 3726 732 3793 R.
750 3726 801 3793 sia
817 3747 933 3793 mosso
945 3747 1010 3793 con
1026 3725 1208 3813 raggione‚
1227 3747 1308 3812 pare
1330 3726 1524 3794 reclamano
1547 3737 1610 3791 tan·

387 3851 424 3907 to
439 3839 462 3905 il
479 3862 629 3907 vescouo
646 3843 658 3877 ⁸
676 3852 711 3910 et
727 3841 803 3910 altri
820 3841 950 3923 deuoti,
974 3845 1039 3910 che
1060 3863 1129 3909 non
1151 3841 1180 3909 si
1201 3846 1299 3928 potra
1323 3861 1483 3910 mancare
1506 3841 1548 3908 de
1566 3859 1610 3903 re·

385 3955 523 4024 sn'tuire
540 3959 643 4025 Mtro.
662 3959 802 4038 Cesare‚
820 3980 859 4026 se
876 3980 947 4026 non
965 3957 1046 4024 fossi
1062 3959 1200 4042 qualch'
1218 3958 1306 4025 altra
1319 3978 1437 4037 causa,
1453 3979 1523 4023 non
1534 3956 1612 4023 inte·

386 4095 427 4138 sa
442 4071 500 4156 qui
518 4073 552 4138 in
581 4075 691 4140 Roma
707 4075 734 4142 ⁹:
766 4075 808 4140 Et
825 4075 953 4160 perche
980 4073 1030 4140 sia
1046 4072 1105 4159 piu
1119 4072 1345 4142 interamente
1362 4073 1558 4155 informato,
1575 4070 1612 4135 ni

393 4199 602 4212 ’.Μ-..-

441 4253 454 4284 ⁴
490 4251 702 4322 Joannetha.
722 4251 875 4307 Tavonus.

441 4339 453 4372 ⁸
491 4342 634 4396 Albertus
649 4340 856 4397 Ferrariensis.

442 4430 453 4462 ⁸
490 4427 601 4484 Caesar
615 4430 799 4499 Aversanus,
812 4428 934 4501 collegii
947 4427 1124 4485 mutinensis
1135 4437 1242 4486 rector.

442 4523 452 4552 ³
490 4519 622 4589 Joannes
643 4519 820 4574 Laurentius
835 4518 1001 4574 Patarlnus·

441 4605 456 4638 ⁸
492 4606 637 4678 Aegldius
652 4607 850 4681 Foscararius,
866 4607 1024 4680 epiecopus
1037 4607 1226 4664 mutinensis.

440 4698 453 4729 ⁹
493 4695 613 4754 ...ndum
627 4697 748 4756 amici...
773 4713 842 4752 eum
855 4695 1026 4768 [Caesarem
1042 4697 1239 4768 Aversanurn]
1253 4713 1392 4751 revocure
1404 4694 1549 4750 Mutinam
1566 4705 1615 4748 stu·
