3567 5409
404 417 459 487 732
781 420 991 477 Monunrnrn
1011 422 1190 477 lonnrrnnn

369 572 465 655 citti,
484 574 560 640 sari
576 574 680 642 etiarn
695 577 761 642 che
781 576 815 643 la
830 576 1046 663 Compagnia
1062 576 1113 644 sia
1128 575 1296 661 agintata,
1315 574 1465 643 tenendo
1484 572 1559 639 altri
1578 592 1600 654 4

369 690 516 758 scholari
532 694 588 757 ch'
606 690 785 779 imparino,
804 693 871 759 che
887 691 947 779 gii
962 692 1155 759 sarebbono
1175 710 1227 773 12,
1245 712 1350 757 senza
1370 712 1416 755 vn
1441 711 1524 776 paro
1538 691 1600 757 che

369 826 528 873 seruano.
543 808 679 892 Questo
689 817 818 891 quanta
830 828 949 894 spessa
962 808 1114 875 recerchi
1127 806 1163 873 in
1173 828 1241 873 vna
1254 816 1345 873 terra
1357 806 1596 885 comeGenua,

279 950 286 965 ⁴
369 920 496 1009 meglio
512 944 551 991 se
566 922 665 1009 sopri
681 922 717 989 di
732 924 777 990 lii.
796 926 885 993 Pare
900 945 987 1009 pure
1000 938 1065 1008 500
1083 939 1115 995 V
1137 922 1275 991 incirca.

436 1037 502 1105 Del
517 1036 666 1125 collegio
682 1038 772 1107 della
787 1038 884 1119 citii,
903 1062 940 1107 se
952 1038 1055 1105 debbi
1068 1038 1261 1119 accettarsi,
1277 1060 1347 1104 non
1358 1037 1474 1105 dando
1486 1036 1600 1105 niente

368 1176 445 1223 essa
461 1153 557 1235 cittii,
575 1177 630 1221 ma
645 1155 795 1221 nolendo
811 1154 834 1222 li
850 1154 968 1223 deuoti
990 1165 1161 1224 tratenere
1181 1154 1206 1221 il
1226 1152 1375 1241 collegio
1396 1152 1430 1219 d'
1446 1152 1597 1221 elemosi-

370 1291 426 1352 ne,
442 1291 524 1357 pare
541 1292 560 1336 a
576 1271 623 1340 N.
642 1273 684 1340 P.
703 1272 771 1339 che
786 1291 855 1337 non
872 1270 923 1338 sia
939 1270 1169 1357 conueniente
1186 1272 1221 1336 in
1232 1271 1346 1350 „modo
1366 1270 1503 1351 alcun03
1526 1290 1600 1355 per-

367 1386 436 1453 chi
452 1385 475 1452 il
491 1385 688 1456 mendicare
701 1386 793 1474 negli
806 1386 945 1475 collegii
957 1386 1065 1454 nostri
1078 1408 1148 1452 non
1159 1387 1180 1452 ὁ
1192 1387 1225 1452 al
1236 1386 1423 1472 proposito.
1436 1385 1490 1453 De
1502 1388 1602 1453 modo

369 1522 437 1587 que
460 1524 499 1569 se
522 1523 592 1569 non
610 1501 693 1569 sossi
709 1502 952 1572 asecurandosi
973 1524 1041 1569 vna
1061 1500 1278 1589 prouissione
1297 1500 1480 1583 ordinaria,
1506 1522 1601 1571 come

368 1618 480 1703 quella
494 1619 561 1687 che
573 1620 619 1683 ho
635 1619 731 1688 detto
747 1617 781 1684 di
798 1639 913 1705 sopra,
932 1640 1001 1685 non
1019 1638 1101 1705 pare
1118 1618 1244 1685 debbia
1264 1618 1410 1686 offerirsi
1431 1620 1476 1689 V.
1494 1620 1534 1687 R.
1558 1618 1600 1687 de

368 1733 435 1802 che
452 1734 496 1801 N.
516 1734 556 1801 P.
576 1732 739 1801 mandari
755 1745 873 1821 gente.
898 1736 941 1800 Et
956 1720 1133 1821 narendoli
1150 1757 1171 1801 a
1187 1736 1232 1805 V.
1251 1736 1294 1804 R.
1312 1737 1377 1803 che
1397 1756 1468 1801 non
1490 1736 1597 1802 sareb-

368 1850 412 1917 be
432 1848 468 1915 di
488 1848 707 1917 edificatione
727 1849 836 1917 intrar
856 1848 892 1915 in
908 1848 995 1917 tanti
1015 1848 1212 1936 particulari
1233 1872 1297 1917 con
1318 1852 1406 1932 loro,
1429 1852 1526 1937 potri
1545 1872 1598 1917 es·

369 1963 505 2031 sortarli
521 1966 586 2033 che
604 1964 707 2032 diano
722 1964 963 2033 commissione
979 1966 1156 2051 aqualche
1172 1986 1241 2033 vno
1253 1964 1312 2051 qui
1326 1966 1361 2033 in
1373 1968 1495 2046 Roma,
1508 1964 1602 2033 accio

369 2078 455 2165 parli
471 2090 506 2146 et
522 2079 552 2145 si
567 2082 704 2147 accordi
720 2102 786 2148 con
803 2082 847 2149 N.
867 2082 907 2146 P.
927 2082 960 2149 in
978 2094 1100 2167 queste
1120 2102 1213 2149 cose.

434 2194 477 2261 V.
497 2196 538 2263 R.
561 2196 664 2264 etiam
681 2196 873 2265 aduertisca
889 2198 934 2265 de
950 2218 1019 2264 non
1035 2194 1160 2264 offerir’
1177 2196 1402 2284 predicatore.
1426 2197 1548 2283 poich&
1562 2218 1599 2264 sa

367 2312 483 2394 quello
499 2313 566 2381 che
580 2314 613 2379 la
629 2312 844 2399 Compagnia
859 2315 929 2399 puo
946 2314 1018 2383 fare
1034 2336 1095 2400 per
1110 2313 1234 2381 adesso
1248 2312 1285 2379 in
1300 2324 1424 2399 questa
1445 2325 1552 2399 parte.

435 2426 514 2493 Non
529 2428 632 2508 altro,
649 2449 773 2495 senon
790 2429 857 2497 che
872 2430 938 2497 alle
954 2429 1100 2496 orationi
1117 2428 1152 2494 di
1165 2429 1207 2496 V.
1224 2430 1265 2497 R.
1281 2428 1316 2495 di
1329 2450 1423 2496 nouo
1439 2428 1471 2495 ci
1482 2448 1598 2497 raoeo·

371 2542 580 2609 mandiamo.

436 2658 490 2727 De
505 2660 617 2726 Roma
633 2676 675 2744 25
691 2661 735 2728 de
751 2662 949 2728 Novembre
969 2676 1066 2747 1553.

435 2774 634 2860 Inscriptio.
652 2776 791 2858 Genua,
805 2798 866 2863 per
882 2777 907 2844 il
924 2780 963 2845 P.
985 2780 1087 2845 Mtro.
1107 2778 1258 2864 Laynez.

933 2958 1039 3040 394⁰

681 3120 840 3187 PATRI
858 3120 1076 3209 JACOBO
1101 3118 1287 3187 LAINIO

754 3275 842 3318 noun
862 3275 898 3332 25
917 3274 1107 3319 novemus
1130 3260 1230 3333 ¹553¹·

369 3392 485 3450 Cautio
498 3412 559 3453 esse
564 3397 694 3468 jubetur
703 3399 737 3453 in
751 3398 950 3455 admittendis
966 3400 1167 3473 collegiorum
1185 3398 1542 3468 conditionibus-Quid
1557 3412 1601 3455 ox·

416 3485 573 3556 parientia
585 3486 807 3544 doceat-Non
820 3488 891 3544 bene
903 3489 1030 3561 collegio
1042 3489 1234 3558 providetur,
1247 3490 1280 3543 in
1292 3504 1348 3561 quo
1357 3488 1516 3543 duodecim
1527 3487 1602 3545 eso·

417 3574 525 3630 oietato
536 3578 706 3631 sustentari
718 3594 779 3633 non
790 3582 929 3649 possunt.

437 3721 510 3788 Pax
528 3721 669 3789 Christi.

436 3838 624 3908 Carissimo
640 3839 766 3907 Padre.

435 3954 480 4023 V.
499 3956 541 4021 R.
560 3954 627 4022 stia
642 3956 817 4025 aduertito
832 3957 890 4023 nel
905 3960 1057 4044 aceptar'
1074 3956 1154 4027 delli
1171 3957 1307 4045 collegii
1323 3958 1350 4039 ¹,
1369 3956 1493 4045 poiche
1513 3954 1600 4021 tiene

369 4072 402 4136 la
418 4070 623 4157 esperientia
638 4072 674 4138 di
689 4074 769 4158 quel
785 4094 850 4140 suo
865 4073 900 4139 di
916 4072 1096 4157 Fiorenza,
1115 4076 1179 4141 che
1195 4095 1261 4140 con
1277 4072 1299 4139 li
1317 4093 1383 4158 300
1410 4070 1488 4145 Ν
1509 4080 1601 4139 tanto

369 4198 610 4257 strettamente
625 4186 654 4254 si
668 4187 855 4269 mantione,
874 4191 940 4257 che
955 4190 975 4255 ὁ
991 4201 1082 4255 stato
1099 4189 1306 4269 necessario,
1324 4210 1424 4256 come
1435 4210 1474 4255 sa
1486 4186 1530 4254 V.
1544 4189 1598 4265 R..

370 4304 513 4370 mandor
532 4306 575 4371 de
598 4306 631 4372 la
651 4304 794 4392 pouerti
818 4304 862 4371 de
883 4308 992 4373 Roma
1011 4306 1069 4393 pio
1085 4306 1129 4375 de
1150 4324 1212 4373 roo
1235 4302 1311 4376 §7³¹¹
1326 4326 1388 4392 per
1403 4302 1598 4392 aggiutarli3

369 4432 404 4487 et
421 4422 454 4486 li
470 4443 597 4488 ancora
613 4423 731 4487 hanno
747 4443 765 4488 a
783 4420 990 4489 mendicare.
1010 4423 1048 4489 In
1062 4420 1179 4491 Sicilia
1194 4442 1264 4488 non
1280 4420 1309 4488 si
1331 4422 1351 4488 ὁ
1372 4420 1493 4487 voluto
1515 4428 1602 4485 acet-

371 4590 584 4599 ————-.--

423 4684 431 4715 ¹
471 4682 630 4739 Excodice
645 4685 764 4757 Regesi.
778 4681 803 4749 I,
818 4682 869 4741 iol.
884 4680 963 4739 213r.
1048 4690 1059 4718 ²
1098 4681 1174 4738 Vide
1187 4682 1342 4755 epistolam
1352 4680 1547 4755 superiorem.
