<?xml version="1.0" encoding="UTF-8"?>
<!DOCTYPE html PUBLIC "-//W3C//DTD XHTML 1.0 Transitional//EN"
    "http://www.w3.org/TR/xhtml1/DTD/xhtml1-transitional.dtd">
<html xmlns="http://www.w3.org/1999/xhtml" xml:lang="en" lang="en">
 <head>
  <title>
</title>
<meta http-equiv="Content-Type" content="text/html;charset=utf-8" />
  <meta name='ocr-system' content='tesseract 3.04.00' />
  <meta name='ocr-capabilities' content='ocr_page ocr_carea ocr_par ocr_line ocrx_word'/>
</head>
<body>
  <div class='ocr_page' id='page_1' title='image "./monumentaignati02ignagoog_0457.png"; bbox 0 0 3567 5409; ppageno 0'>
   <div class='ocr_carea' id='block_1_1' title="bbox 564 430 1425 505">
    <p class='ocr_par' dir='ltr' id='par_1_1' title="bbox 564 430 1425 505">
     <span class='ocr_line' id='line_1_1' title="bbox 564 430 1425 505; baseline 0.002 -16"><span class='ocrx_word' id='word_1_1' title='bbox 564 434 669 493; x_wconf 71' lang='grc'><strong>113133.</strong></span> <span class='ocrx_word' id='word_1_2' title='bbox 689 430 1048 505; x_wconf 77' lang='grc'><strong>3733.-9.83333333333</strong></span> <span class='ocrx_word' id='word_1_3' title='bbox 1068 431 1138 505; x_wconf 82' lang='grc'><strong>3553</strong></span> <span class='ocrx_word' id='word_1_4' title='bbox 1373 447 1425 505; x_wconf 81' lang='grc'><strong>451</strong></span> 
     </span>
    </p>
   </div>
   <div class='ocr_carea' id='block_1_2' title="bbox 225 585 1471 1948">
    <p class='ocr_par' dir='ltr' id='par_1_2' title="bbox 225 585 1465 771">
     <span class='ocr_line' id='line_1_2' title="bbox 230 585 1465 674; baseline 0.002 -21"><span class='ocrx_word' id='word_1_5' title='bbox 230 585 410 655; x_wconf 87' lang='lat' dir='ltr'>Eleuterio</span> <span class='ocrx_word' id='word_1_6' title='bbox 426 586 453 668; x_wconf 83' lang='lat'><strong>¹,</strong></span> <span class='ocrx_word' id='word_1_7' title='bbox 471 586 624 655; x_wconf 86' lang='lat' dir='ltr'>Guerieo</span> <span class='ocrx_word' id='word_1_8' title='bbox 640 588 652 621; x_wconf 79' lang='lat'>⁸</span> <span class='ocrx_word' id='word_1_9' title='bbox 669 598 705 654; x_wconf 89' lang='lat' dir='ltr'><strong>et</strong></span> <span class='ocrx_word' id='word_1_10' title='bbox 726 586 844 657; x_wconf 87' lang='lat' dir='ltr'>Pietro</span> <span class='ocrx_word' id='word_1_11' title='bbox 866 586 1035 668; x_wconf 77' lang='lat' dir='ltr'>Adriane,</span> <span class='ocrx_word' id='word_1_12' title='bbox 1052 595 1089 656; x_wconf 87' lang='lat' dir='ltr'><strong>et</strong></span> <span class='ocrx_word' id='word_1_13' title='bbox 1108 607 1146 654; x_wconf 88' lang='lat' dir='ltr'><strong>se</strong></span> <span class='ocrx_word' id='word_1_14' title='bbox 1166 588 1362 674; x_wconf 84' lang='lat' dir='ltr'>qualchuno</span> <span class='ocrx_word' id='word_1_15' title='bbox 1376 588 1465 655; x_wconf 84' lang='lat' dir='ltr'>altro</span> 
     </span>
     <span class='ocr_line' id='line_1_3' title="bbox 225 700 592 771; baseline -0.011 0"><span class='ocrx_word' id='word_1_16' title='bbox 225 701 278 771; x_wconf 82' lang='lat' dir='ltr'><strong>de</strong></span> <span class='ocrx_word' id='word_1_17' title='bbox 294 700 443 770; x_wconf 86' lang='lat' dir='ltr'>Venetia</span> <span class='ocrx_word' id='word_1_18' title='bbox 460 702 592 771; x_wconf 72' lang='lat' dir='ltr'><strong>ueniri.</strong></span> 
     </span>
    </p>

    <p class='ocr_par' dir='ltr' id='par_1_3' title="bbox 233 815 1467 1137">
     <span class='ocr_line' id='line_1_4' title="bbox 299 815 1466 905; baseline 0 -20"><span class='ocrx_word' id='word_1_19' title='bbox 299 816 341 885; x_wconf 93' lang='lat' dir='ltr'><strong>Li</strong></span> <span class='ocrx_word' id='word_1_20' title='bbox 356 816 538 905; x_wconf 82' lang='lat' dir='ltr'><strong>fiamengi,</strong></span> <span class='ocrx_word' id='word_1_21' title='bbox 557 840 596 887; x_wconf 85' lang='lat' dir='ltr'><strong>se</strong></span> <span class='ocrx_word' id='word_1_22' title='bbox 613 815 628 858; x_wconf 65' lang='lat' dir='ltr'>b</span> <span class='ocrx_word' id='word_1_23' title='bbox 644 838 767 885; x_wconf 82' lang='lat' dir='ltr'>sarano</span> <span class='ocrx_word' id='word_1_24' title='bbox 784 819 920 885; x_wconf 87' lang='lat' dir='ltr'>uenutti</span> <span class='ocrx_word' id='word_1_25' title='bbox 932 818 967 887; x_wconf 93' lang='lat' dir='ltr'><strong>in</strong></span> <span class='ocrx_word' id='word_1_26' title='bbox 984 830 1107 905; x_wconf 82' lang='lat' dir='ltr'>questo</span> <span class='ocrx_word' id='word_1_27' title='bbox 1120 816 1267 885; x_wconf 88' lang='lat' dir='ltr'>termino</span> <span class='ocrx_word' id='word_1_28' title='bbox 1279 820 1343 886; x_wconf 87' lang='lat' dir='ltr'><strong>che</strong></span> <span class='ocrx_word' id='word_1_29' title='bbox 1354 838 1377 884; x_wconf 92' lang='grc'><strong>3</strong></span> <span class='ocrx_word' id='word_1_30' title='bbox 1388 818 1466 888; x_wconf 85' lang='lat' dir='ltr'>det-</span> 
     </span>
     <span class='ocr_line' id='line_1_5' title="bbox 233 932 1467 1020; baseline 0.003 -22"><span class='ocrx_word' id='word_1_31' title='bbox 233 942 283 1015; x_wconf 92' lang='lat' dir='ltr'><strong>to,</strong></span> <span class='ocrx_word' id='word_1_32' title='bbox 300 942 473 1019; x_wconf 84' lang='lat' dir='ltr'>puotrano</span> <span class='ocrx_word' id='word_1_33' title='bbox 489 932 587 1001; x_wconf 87' lang='lat' dir='ltr'>uenir</span> <span class='ocrx_word' id='word_1_34' title='bbox 603 932 758 1015; x_wconf 85' lang='lat' dir='ltr'><strong>insieme,</strong></span> <span class='ocrx_word' id='word_1_35' title='bbox 776 934 812 1001; x_wconf 92' lang='lat' dir='ltr'><strong>di</strong></span> <span class='ocrx_word' id='word_1_36' title='bbox 823 933 930 1020; x_wconf 86' lang='lat' dir='ltr'>quelli</span> <span class='ocrx_word' id='word_1_37' title='bbox 941 934 977 1002; x_wconf 90' lang='lat' dir='ltr'><strong>in</strong></span> <span class='ocrx_word' id='word_1_38' title='bbox 989 937 1101 1017; x_wconf 82' lang='grc'><strong>13333,</strong></span> <span class='ocrx_word' id='word_1_39' title='bbox 1114 936 1180 1003; x_wconf 89' lang='lat' dir='ltr'><strong>che</strong></span> <span class='ocrx_word' id='word_1_40' title='bbox 1191 932 1306 1002; x_wconf 86' lang='lat' dir='ltr'>scriuo</span> <span class='ocrx_word' id='word_1_41' title='bbox 1317 957 1338 1001; x_wconf 89' lang='lat' dir='ltr'>a</span> <span class='ocrx_word' id='word_1_42' title='bbox 1350 936 1467 1003; x_wconf 80' lang='lat' dir='ltr'>Vene-</span> 
     </span>
     <span class='ocr_line' id='line_1_6' title="bbox 234 1046 1464 1137; baseline -0.002 -22"><span class='ocrx_word' id='word_1_43' title='bbox 234 1046 287 1115; x_wconf 83' lang='lat' dir='ltr'><strong>zia</strong></span> <span class='ocrx_word' id='word_1_44' title='bbox 302 1058 329 1128; x_wconf 76' lang='lat'><strong>⁰,</strong></span> <span class='ocrx_word' id='word_1_45' title='bbox 347 1048 405 1115; x_wconf 86' lang='lat' dir='ltr'><strong>cui</strong></span> <span class='ocrx_word' id='word_1_46' title='bbox 421 1048 523 1135; x_wconf 85' lang='lat' dir='ltr'>copia</span> <span class='ocrx_word' id='word_1_47' title='bbox 537 1049 566 1117; x_wconf 88' lang='lat' dir='ltr'><strong>si</strong></span> <span class='ocrx_word' id='word_1_48' title='bbox 582 1047 598 1089; x_wconf 80' lang='lat'><strong>‘¹</strong></span> <span class='ocrx_word' id='word_1_49' title='bbox 614 1050 777 1118; x_wconf 64' lang='lat' dir='ltr'>mandere</span> <span class='ocrx_word' id='word_1_50' title='bbox 793 1071 813 1116; x_wconf 90' lang='grc'><strong>3</strong></span> <span class='ocrx_word' id='word_1_51' title='bbox 830 1052 874 1118; x_wconf 90' lang='lat' dir='ltr'><strong>V.</strong></span> <span class='ocrx_word' id='word_1_52' title='bbox 894 1052 936 1119; x_wconf 91' lang='lat' dir='ltr'><strong>R.</strong></span> <span class='ocrx_word' id='word_1_53' title='bbox 955 1072 1016 1137; x_wconf 89' lang='lat' dir='ltr'><strong>per</strong></span> <span class='ocrx_word' id='word_1_54' title='bbox 1036 1051 1061 1115; x_wconf 91' lang='lat' dir='ltr'><strong>il</strong></span> <span class='ocrx_word' id='word_1_55' title='bbox 1082 1052 1123 1117; x_wconf 91' lang='lat' dir='ltr'><strong>P.</strong></span> <span class='ocrx_word' id='word_1_56' title='bbox 1147 1051 1250 1117; x_wconf 73' lang='lat' dir='ltr'>Mire.</span> <span class='ocrx_word' id='word_1_57' title='bbox 1272 1050 1418 1117; x_wconf 85' lang='lat' dir='ltr'>Cessare</span> <span class='ocrx_word' id='word_1_58' title='bbox 1438 1050 1464 1113; x_wconf 79' lang='lat'><strong>⁴.</strong></span> 
     </span>
    </p>

    <p class='ocr_par' dir='ltr' id='par_1_4' title="bbox 226 1162 1471 1717">
     <span class='ocr_line' id='line_1_7' title="bbox 302 1162 1470 1235; baseline 0.003 -6"><span class='ocrx_word' id='word_1_59' title='bbox 302 1162 498 1231; x_wconf 85' lang='lat' dir='ltr'>Habbiamo</span> <span class='ocrx_word' id='word_1_60' title='bbox 515 1164 621 1231; x_wconf 89' lang='lat' dir='ltr'>molto</span> <span class='ocrx_word' id='word_1_61' title='bbox 637 1186 717 1231; x_wconf 83' lang='lat' dir='ltr'>caro</span> <span class='ocrx_word' id='word_1_62' title='bbox 734 1168 789 1233; x_wconf 82' lang='lat' dir='ltr'><strong>ch’</strong></span> <span class='ocrx_word' id='word_1_63' title='bbox 807 1165 830 1232; x_wconf 92' lang='lat' dir='ltr'><strong>il</strong></span> <span class='ocrx_word' id='word_1_64' title='bbox 847 1166 982 1235; x_wconf 82' lang='lat' dir='ltr'>fratello</span> <span class='ocrx_word' id='word_1_65' title='bbox 999 1164 1115 1235; x_wconf 88' lang='lat' dir='ltr'>Pietro</span> <span class='ocrx_word' id='word_1_66' title='bbox 1129 1167 1258 1233; x_wconf 88' lang='lat' dir='ltr'>Berton</span> <span class='ocrx_word' id='word_1_67' title='bbox 1272 1168 1284 1201; x_wconf 82' lang='lat'>⁸</span> <span class='ocrx_word' id='word_1_68' title='bbox 1297 1164 1470 1233; x_wconf 83' lang='grc'><strong>3311313313</strong></span> 
     </span>
     <span class='ocr_line' id='line_1_8' title="bbox 226 1278 1469 1351; baseline 0.002 -6"><span class='ocrx_word' id='word_1_69' title='bbox 226 1278 293 1345; x_wconf 79' lang='lat' dir='ltr'>alli</span> <span class='ocrx_word' id='word_1_70' title='bbox 313 1278 391 1346; x_wconf 85' lang='grc'><strong>31131</strong></span> <span class='ocrx_word' id='word_1_71' title='bbox 411 1288 446 1347; x_wconf 88' lang='lat' dir='ltr'><strong>et</strong></span> <span class='ocrx_word' id='word_1_72' title='bbox 467 1302 488 1345; x_wconf 86' lang='lat' dir='ltr'>a</span> <span class='ocrx_word' id='word_1_73' title='bbox 508 1301 547 1347; x_wconf 87' lang='lat' dir='ltr'><strong>se</strong></span> <span class='ocrx_word' id='word_1_74' title='bbox 566 1290 678 1348; x_wconf 83' lang='lat' dir='ltr'>stesso</span> <span class='ocrx_word' id='word_1_75' title='bbox 699 1282 789 1349; x_wconf 83' lang='lat' dir='ltr'>neila</span> <span class='ocrx_word' id='word_1_76' title='bbox 808 1282 919 1351; x_wconf 81' lang='lat' dir='ltr'>classe</span> <span class='ocrx_word' id='word_1_77' title='bbox 938 1292 952 1323; x_wconf 76' lang='lat'>⁸</span> <span class='ocrx_word' id='word_1_78' title='bbox 973 1284 1039 1349; x_wconf 87' lang='lat' dir='ltr'><strong>che</strong></span> <span class='ocrx_word' id='word_1_79' title='bbox 1061 1282 1105 1348; x_wconf 87' lang='grc'><strong>13.</strong></span> <span class='ocrx_word' id='word_1_80' title='bbox 1124 1283 1169 1349; x_wconf 89' lang='lat' dir='ltr'><strong>V.</strong></span> <span class='ocrx_word' id='word_1_81' title='bbox 1192 1283 1236 1349; x_wconf 91' lang='lat' dir='ltr'><strong>R.</strong></span> <span class='ocrx_word' id='word_1_82' title='bbox 1253 1280 1469 1350; x_wconf 75' lang='grc'><strong>3311331313-</strong></span> 
     </span>
     <span class='ocr_line' id='line_1_9' title="bbox 227 1394 1471 1484; baseline 0.001 -21"><span class='ocrx_word' id='word_1_83' title='bbox 227 1394 360 1463; x_wconf 75' lang='lat' dir='ltr'><strong>sciarto</strong></span> <span class='ocrx_word' id='word_1_84' title='bbox 375 1415 442 1462; x_wconf 89' lang='lat' dir='ltr'><strong>con</strong></span> <span class='ocrx_word' id='word_1_85' title='bbox 458 1396 576 1462; x_wconf 90' lang='lat' dir='ltr'>buono</span> <span class='ocrx_word' id='word_1_86' title='bbox 591 1397 718 1479; x_wconf 87' lang='lat' dir='ltr'>animo,</span> <span class='ocrx_word' id='word_1_87' title='bbox 736 1409 772 1465; x_wconf 89' lang='lat' dir='ltr'><strong>et</strong></span> <span class='ocrx_word' id='word_1_88' title='bbox 787 1397 903 1479; x_wconf 81' lang='lat' dir='ltr'>etiam,</span> <span class='ocrx_word' id='word_1_89' title='bbox 922 1396 1012 1466; x_wconf 90' lang='lat' dir='ltr'><strong>eice</strong></span> <span class='ocrx_word' id='word_1_90' title='bbox 1029 1400 1111 1484; x_wconf 85' lang='grc' dir='ltr'>ριιὸ,</span> <span class='ocrx_word' id='word_1_91' title='bbox 1128 1397 1186 1463; x_wconf 88' lang='lat' dir='ltr'>ail’</span> <span class='ocrx_word' id='word_1_92' title='bbox 1203 1397 1280 1464; x_wconf 86' lang='lat' dir='ltr'>altri</span> <span class='ocrx_word' id='word_1_93' title='bbox 1303 1396 1383 1464; x_wconf 88' lang='lat' dir='ltr'>tutti</span> <span class='ocrx_word' id='word_1_94' title='bbox 1404 1396 1471 1465; x_wconf 89' lang='lat' dir='ltr'><strong>che</strong></span> 
     </span>
     <span class='ocr_line' id='line_1_10' title="bbox 231 1510 1471 1603; baseline 0.004 -27"><span class='ocrx_word' id='word_1_95' title='bbox 231 1521 425 1593; x_wconf 82' lang='lat' dir='ltr'>resteran03</span> <span class='ocrx_word' id='word_1_96' title='bbox 445 1522 481 1579; x_wconf 85' lang='lat' dir='ltr'><strong>et</strong></span> <span class='ocrx_word' id='word_1_97' title='bbox 496 1510 562 1581; x_wconf 85' lang='lat' dir='ltr'><strong>X.⁰</strong></span> <span class='ocrx_word' id='word_1_98' title='bbox 578 1522 697 1580; x_wconf 91' lang='lat' dir='ltr'>nostro</span> <span class='ocrx_word' id='word_1_99' title='bbox 712 1512 833 1601; x_wconf 84' lang='lat' dir='ltr'>signor</span> <span class='ocrx_word' id='word_1_100' title='bbox 848 1512 871 1579; x_wconf 90' lang='lat' dir='ltr'><strong>li</strong></span> <span class='ocrx_word' id='word_1_101' title='bbox 888 1512 986 1603; x_wconf 81' lang='lat' dir='ltr'>guidi</span> <span class='ocrx_word' id='word_1_102' title='bbox 1002 1524 1038 1582; x_wconf 86' lang='lat' dir='ltr'><strong>et</strong></span> <span class='ocrx_word' id='word_1_103' title='bbox 1053 1533 1268 1601; x_wconf 82' lang='lat' dir='ltr'>aeompagne</span> <span class='ocrx_word' id='word_1_104' title='bbox 1284 1513 1388 1599; x_wconf 86' lang='lat' dir='ltr'>quelli</span> <span class='ocrx_word' id='word_1_105' title='bbox 1404 1513 1471 1581; x_wconf 89' lang='lat' dir='ltr'><strong>che</strong></span> 
     </span>
     <span class='ocr_line' id='line_1_11' title="bbox 233 1627 829 1717; baseline 0.015 -26"><span class='ocrx_word' id='word_1_106' title='bbox 233 1636 378 1693; x_wconf 85' lang='lat' dir='ltr'>restano</span> <span class='ocrx_word' id='word_1_107' title='bbox 394 1636 430 1693; x_wconf 89' lang='lat' dir='ltr'><strong>et</strong></span> <span class='ocrx_word' id='word_1_108' title='bbox 446 1627 551 1711; x_wconf 86' lang='lat' dir='ltr'>quelli</span> <span class='ocrx_word' id='word_1_109' title='bbox 567 1630 634 1695; x_wconf 85' lang='lat' dir='ltr'><strong>che</strong></span> <span class='ocrx_word' id='word_1_110' title='bbox 652 1650 829 1717; x_wconf 81' lang='lat' dir='ltr'>uengan0.</span> 
     </span>
    </p>

    <p class='ocr_par' dir='ltr' id='par_1_5' title="bbox 306 1742 913 1831">
     <span class='ocr_line' id='line_1_12' title="bbox 306 1742 913 1831; baseline 0.007 -23"><span class='ocrx_word' id='word_1_111' title='bbox 306 1742 359 1809; x_wconf 89' lang='lat' dir='ltr'><strong>De</strong></span> <span class='ocrx_word' id='word_1_112' title='bbox 376 1742 485 1810; x_wconf 81' lang='lat' dir='ltr'>Roma</span> <span class='ocrx_word' id='word_1_113' title='bbox 500 1765 522 1831; x_wconf 87' lang='lat'>9</span> <span class='ocrx_word' id='word_1_114' title='bbox 538 1744 581 1811; x_wconf 90' lang='lat' dir='ltr'><strong>de</strong></span> <span class='ocrx_word' id='word_1_115' title='bbox 598 1744 794 1813; x_wconf 87' lang='lat' dir='ltr'>Settembre</span> <span class='ocrx_word' id='word_1_116' title='bbox 815 1761 913 1831; x_wconf 84' lang='lat'><strong>1553.</strong></span> 
     </span>
    </p>

    <p class='ocr_par' dir='ltr' id='par_1_6' title="bbox 307 1856 978 1948">
     <span class='ocr_line' id='line_1_13' title="bbox 307 1856 978 1948; baseline 0.009 -27"><span class='ocrx_word' id='word_1_117' title='bbox 307 1856 505 1943; x_wconf 74' lang='lat' dir='ltr'><em>Inscriptio.</em></span> <span class='ocrx_word' id='word_1_118' title='bbox 523 1860 556 1927; x_wconf 88' lang='lat' dir='ltr'><strong>A</strong></span> <span class='ocrx_word' id='word_1_119' title='bbox 574 1860 728 1941; x_wconf 84' lang='lat' dir='ltr'>Padoua,</span> <span class='ocrx_word' id='word_1_120' title='bbox 746 1861 815 1927; x_wconf 89' lang='lat' dir='ltr'><strong>don</strong></span> <span class='ocrx_word' id='word_1_121' title='bbox 832 1860 978 1948; x_wconf 80' lang='lat' dir='ltr'>Elpidio</span> 
     </span>
    </p>
   </div>
   <div class='ocr_carea' id='block_1_3' title="bbox 301 2033 1416 2267">
    <p class='ocr_par' dir='ltr' id='par_1_7' title="bbox 301 2033 1416 2267">
     <span class='ocr_line' id='line_1_14' title="bbox 810 2033 901 2115; baseline -0.022 0"><span class='ocrx_word' id='word_1_122' title='bbox 810 2033 901 2115; x_wconf 86' lang='grc'><strong>3731</strong></span> 
     </span>
     <span class='ocr_line' id='line_1_15' title="bbox 301 2179 1416 2267; baseline 0 -21"><span class='ocrx_word' id='word_1_123' title='bbox 301 2180 442 2247; x_wconf 78' lang='lat' dir='ltr'><strong>PATRI</strong></span> <span class='ocrx_word' id='word_1_124' title='bbox 461 2180 637 2267; x_wconf 85' lang='lat' dir='ltr'>JOANNI</span> <span class='ocrx_word' id='word_1_125' title='bbox 661 2182 926 2251; x_wconf 82' lang='lat' dir='ltr'><strong>BAPTISTAE</strong></span> <span class='ocrx_word' id='word_1_126' title='bbox 950 2181 1152 2251; x_wconf 85' lang='lat' dir='ltr'><strong>TAVONO</strong></span> <span class='ocrx_word' id='word_1_127' title='bbox 1176 2181 1239 2248; x_wconf 88' lang='lat' dir='ltr'><strong>EX</strong></span> <span class='ocrx_word' id='word_1_128' title='bbox 1263 2179 1416 2248; x_wconf 88' lang='lat' dir='ltr'><strong>COMM.</strong></span> 
     </span>
    </p>
   </div>
   <div class='ocr_carea' id='block_1_4' title="bbox 635 2312 1082 2385">
    <p class='ocr_par' dir='ltr' id='par_1_8' title="bbox 635 2312 1082 2385">
     <span class='ocr_line' id='line_1_16' title="bbox 635 2312 1082 2385; baseline 0.007 -18"><span class='ocrx_word' id='word_1_129' title='bbox 635 2325 724 2370; x_wconf 78' lang='grc'><strong>33133</strong></span> <span class='ocrx_word' id='word_1_130' title='bbox 737 2326 965 2385; x_wconf 72' lang='grc'><strong>9333333333</strong></span> <span class='ocrx_word' id='word_1_131' title='bbox 980 2326 991 2369; x_wconf 90' lang='grc'><strong>3</strong></span> <span class='ocrx_word' id='word_1_132' title='bbox 996 2312 1049 2384; x_wconf 77' lang='grc'><strong>553</strong></span> <span class='ocrx_word' id='word_1_133' title='bbox 1063 2313 1082 2370; x_wconf 83' lang='lat'><strong>¹.</strong></span> 
     </span>
    </p>
   </div>
   <div class='ocr_carea' id='block_1_5' title="bbox 236 2434 1475 2607">
    <p class='ocr_par' dir='ltr' id='par_1_9' title="bbox 236 2434 1475 2607">
     <span class='ocr_line' id='line_1_17' title="bbox 236 2434 1475 2513; baseline 0 -22"><span class='ocrx_word' id='word_1_134' title='bbox 236 2437 293 2491; x_wconf 74' lang='lat' dir='ltr'><strong>Aa</strong></span> <span class='ocrx_word' id='word_1_135' title='bbox 310 2436 417 2493; x_wconf 70' lang='lat' dir='ltr'>Urbem</span> <span class='ocrx_word' id='word_1_136' title='bbox 434 2436 603 2493; x_wconf 76' lang='lat' dir='ltr'><strong>Guerricus</strong></span> <span class='ocrx_word' id='word_1_137' title='bbox 619 2438 832 2495; x_wconf 58' lang='lat' dir='ltr'><strong>accitum-Do</strong></span> <span class='ocrx_word' id='word_1_138' title='bbox 844 2438 968 2513; x_wconf 72' lang='lat' dir='ltr'>joanno</span> <span class='ocrx_word' id='word_1_139' title='bbox 987 2438 1097 2495; x_wconf 85' lang='grc'><strong>0111113</strong></span> <span class='ocrx_word' id='word_1_140' title='bbox 1113 2436 1236 2509; x_wconf 72' lang='lat' dir='ltr'><strong>ejusque</strong></span> <span class='ocrx_word' id='word_1_141' title='bbox 1251 2434 1475 2493; x_wconf 64' lang='lat' dir='ltr'><strong>laudationibus.</strong></span> 
     </span>
     <span class='ocr_line' id='line_1_18' title="bbox 588 2526 1131 2607; baseline 0.004 -26"><span class='ocrx_word' id='word_1_142' title='bbox 588 2526 635 2582; x_wconf 77' lang='lat' dir='ltr'><strong>De</strong></span> <span class='ocrx_word' id='word_1_143' title='bbox 641 2526 763 2607; x_wconf 74' lang='lat' dir='ltr'><strong>annm</strong></span> <span class='ocrx_word' id='word_1_144' title='bbox 777 2527 920 2601; x_wconf 73' lang='lat' dir='ltr'><strong>Baptista</strong></span> <span class='ocrx_word' id='word_1_145' title='bbox 926 2526 1131 2600; x_wconf 74' lang='lat' dir='ltr'><strong>ferrariensi.</strong></span> 
     </span>
    </p>
   </div>
   <div class='ocr_carea' id='block_1_6' title="bbox 313 2642 1479 2855">
    <p class='ocr_par' dir='ltr' id='par_1_10' title="bbox 313 2642 1479 2855">
     <span class='ocr_line' id='line_1_19' title="bbox 314 2642 698 2717; baseline 0 0"><span class='ocrx_word' id='word_1_146' title='bbox 314 2652 387 2717; x_wconf 82' lang='lat' dir='ltr'><strong>Pax</strong></span> <span class='ocrx_word' id='word_1_147' title='bbox 404 2649 459 2717; x_wconf 54' lang='lat' dir='ltr'><strong>X}</strong></span> <span class='ocrx_word' id='word_1_148' title='bbox 683 2642 698 2679; x_wconf 61' lang='lat'>³</span> 
     </span>
     <span class='ocr_line' id='line_1_20' title="bbox 313 2764 1479 2855; baseline -0.001 -22"><span class='ocrx_word' id='word_1_149' title='bbox 313 2768 381 2833; x_wconf 88' lang='lat' dir='ltr'><strong>Per</strong></span> <span class='ocrx_word' id='word_1_150' title='bbox 397 2767 509 2852; x_wconf 86' lang='lat' dir='ltr'>quella</span> <span class='ocrx_word' id='word_1_151' title='bbox 524 2767 569 2836; x_wconf 87' lang='lat' dir='ltr'><strong>de</strong></span> <span class='ocrx_word' id='word_1_152' title='bbox 584 2767 694 2855; x_wconf 88' lang='lat' dir='ltr'>primo</span> <span class='ocrx_word' id='word_1_153' title='bbox 709 2769 766 2837; x_wconf 90' lang='lat' dir='ltr'><strong>del</strong></span> <span class='ocrx_word' id='word_1_154' title='bbox 781 2781 941 2855; x_wconf 87' lang='lat' dir='ltr'>presente</span> <span class='ocrx_word' id='word_1_155' title='bbox 956 2766 1185 2838; x_wconf 87' lang='lat' dir='ltr'>intendesimo</span> <span class='ocrx_word' id='word_1_156' title='bbox 1200 2769 1265 2835; x_wconf 89' lang='lat' dir='ltr'><strong>che</strong></span> <span class='ocrx_word' id='word_1_157' title='bbox 1280 2765 1303 2833; x_wconf 87' lang='lat' dir='ltr'><strong>l’</strong></span> <span class='ocrx_word' id='word_1_158' title='bbox 1319 2764 1390 2833; x_wconf 87' lang='grc'><strong>3313</strong></span> <span class='ocrx_word' id='word_1_159' title='bbox 1405 2777 1420 2810; x_wconf 83' lang='grc'><strong><em>·</em></strong></span> <span class='ocrx_word' id='word_1_160' title='bbox 1435 2766 1479 2833; x_wconf 91' lang='lat' dir='ltr'><strong>de</strong></span> 
     </span>
    </p>
   </div>
   <div class='ocr_carea' id='block_1_7' title="bbox 238 2882 1480 3435">
    <p class='ocr_par' dir='ltr' id='par_1_11' title="bbox 238 2882 1480 3435">
     <span class='ocr_line' id='line_1_21' title="bbox 244 2882 1476 2971; baseline -0.002 -20"><span class='ocrx_word' id='word_1_161' title='bbox 244 2882 364 2951; x_wconf 85' lang='lat' dir='ltr'>Padoa</span> <span class='ocrx_word' id='word_1_162' title='bbox 379 2904 448 2949; x_wconf 93' lang='lat' dir='ltr'><strong>non</strong></span> <span class='ocrx_word' id='word_1_163' title='bbox 465 2886 510 2952; x_wconf 88' lang='lat' dir='ltr'><strong>he</strong></span> <span class='ocrx_word' id='word_1_164' title='bbox 525 2883 755 2955; x_wconf 87' lang='lat' dir='ltr'>conueniente</span> <span class='ocrx_word' id='word_1_165' title='bbox 770 2882 793 2950; x_wconf 89' lang='lat' dir='ltr'><strong>l&#39;</strong></span> <span class='ocrx_word' id='word_1_166' title='bbox 808 2884 988 2953; x_wconf 86' lang='lat' dir='ltr'>invernata</span> <span class='ocrx_word' id='word_1_167' title='bbox 1004 2907 1064 2971; x_wconf 86' lang='lat' dir='ltr'><strong>per</strong></span> <span class='ocrx_word' id='word_1_168' title='bbox 1081 2884 1104 2950; x_wconf 92' lang='lat' dir='ltr'><strong>il</strong></span> <span class='ocrx_word' id='word_1_169' title='bbox 1125 2886 1260 2953; x_wconf 79' lang='lat' dir='ltr'>fratello</span> <span class='ocrx_word' id='word_1_170' title='bbox 1280 2882 1433 2952; x_wconf 85' lang='lat' dir='ltr'>Guerico</span> <span class='ocrx_word' id='word_1_171' title='bbox 1449 2882 1476 2963; x_wconf 83' lang='lat'><strong>¹,</strong></span> 
     </span>
     <span class='ocr_line' id='line_1_22' title="bbox 238 2998 1479 3088; baseline -0.002 -21"><span class='ocrx_word' id='word_1_172' title='bbox 238 3010 282 3067; x_wconf 82' lang='lat' dir='ltr'><strong>et</strong></span> <span class='ocrx_word' id='word_1_173' title='bbox 302 2998 376 3067; x_wconf 84' lang='lat' dir='ltr'><strong>cosi</strong></span> <span class='ocrx_word' id='word_1_174' title='bbox 398 2999 520 3086; x_wconf 74' lang='lat' dir='ltr'>puotri</span> <span class='ocrx_word' id='word_1_175' title='bbox 543 2998 641 3067; x_wconf 82' lang='lat' dir='ltr'>uenit</span> <span class='ocrx_word' id='word_1_176' title='bbox 660 3022 726 3067; x_wconf 93' lang='lat' dir='ltr'><strong>con</strong></span> <span class='ocrx_word' id='word_1_177' title='bbox 753 2998 777 3067; x_wconf 95' lang='lat' dir='ltr'><strong>il</strong></span> <span class='ocrx_word' id='word_1_178' title='bbox 806 3002 917 3069; x_wconf 88' lang='lat' dir='ltr'>Padre</span> <span class='ocrx_word' id='word_1_179' title='bbox 943 3002 1012 3069; x_wconf 90' lang='lat' dir='ltr'><strong>don</strong></span> <span class='ocrx_word' id='word_1_180' title='bbox 1037 3000 1171 3088; x_wconf 91' lang='lat' dir='ltr'>Elpidio</span> <span class='ocrx_word' id='word_1_181' title='bbox 1195 3001 1207 3037; x_wconf 82' lang='lat'>⁸</span> <span class='ocrx_word' id='word_1_182' title='bbox 1232 2999 1298 3067; x_wconf 88' lang='grc'><strong>3113</strong></span> <span class='ocrx_word' id='word_1_183' title='bbox 1321 3000 1416 3066; x_wconf 80' lang='grc'><strong>133113</strong></span> <span class='ocrx_word' id='word_1_184' title='bbox 1435 2999 1479 3065; x_wconf 92' lang='lat' dir='ltr'><strong>de</strong></span> 
     </span>
     <span class='ocr_line' id='line_1_23' title="bbox 245 3112 1479 3201; baseline -0.002 -19"><span class='ocrx_word' id='word_1_185' title='bbox 245 3116 368 3198; x_wconf 83' lang='lat' dir='ltr'>Roma3</span> <span class='ocrx_word' id='word_1_186' title='bbox 386 3125 422 3183; x_wconf 89' lang='lat' dir='ltr'><strong>et</strong></span> <span class='ocrx_word' id='word_1_187' title='bbox 442 3115 476 3181; x_wconf 90' lang='lat' dir='ltr'><strong>di</strong></span> <span class='ocrx_word' id='word_1_188' title='bbox 493 3136 562 3201; x_wconf 86' lang='lat' dir='ltr'><strong>qua</strong></span> <span class='ocrx_word' id='word_1_189' title='bbox 581 3116 611 3183; x_wconf 89' lang='lat' dir='ltr'><strong>si</strong></span> <span class='ocrx_word' id='word_1_190' title='bbox 631 3116 794 3184; x_wconf 65' lang='lat' dir='ltr'>mandere</span> <span class='ocrx_word' id='word_1_191' title='bbox 815 3138 835 3183; x_wconf 89' lang='lat' dir='ltr'>a</span> <span class='ocrx_word' id='word_1_192' title='bbox 856 3115 986 3200; x_wconf 82' lang='lat' dir='ltr'>Sicilia,</span> <span class='ocrx_word' id='word_1_193' title='bbox 1008 3118 1099 3184; x_wconf 91' lang='lat' dir='ltr'>doue</span> <span class='ocrx_word' id='word_1_194' title='bbox 1121 3118 1145 3181; x_wconf 86' lang='lat' dir='ltr'><strong>l&#39;</strong></span> <span class='ocrx_word' id='word_1_195' title='bbox 1170 3115 1241 3183; x_wconf 86' lang='lat' dir='ltr'><strong>aria</strong></span> <span class='ocrx_word' id='word_1_196' title='bbox 1264 3118 1340 3183; x_wconf 70' lang='lat' dir='ltr'><strong>seri</strong></span> <span class='ocrx_word' id='word_1_197' title='bbox 1355 3112 1479 3201; x_wconf 91' lang='lat' dir='ltr'>perlui</span> 
     </span>
     <span class='ocr_line' id='line_1_24' title="bbox 242 3230 1476 3321; baseline 0 -25"><span class='ocrx_word' id='word_1_198' title='bbox 242 3232 374 3311; x_wconf 74' lang='lat' dir='ltr'>huone,</span> <span class='ocrx_word' id='word_1_199' title='bbox 393 3252 496 3321; x_wconf 82' lang='lat' dir='ltr'>come</span> <span class='ocrx_word' id='word_1_200' title='bbox 507 3230 615 3299; x_wconf 86' lang='lat' dir='ltr'>siamo</span> <span class='ocrx_word' id='word_1_201' title='bbox 631 3230 818 3316; x_wconf 79' lang='lat' dir='ltr'><strong>informati,</strong></span> <span class='ocrx_word' id='word_1_202' title='bbox 837 3243 934 3300; x_wconf 82' lang='lat' dir='ltr'>tanto</span> <span class='ocrx_word' id='word_1_203' title='bbox 949 3232 982 3300; x_wconf 87' lang='lat' dir='ltr'><strong>la</strong></span> <span class='ocrx_word' id='word_1_204' title='bbox 994 3232 1091 3299; x_wconf 88' lang='lat' dir='ltr'>stade</span> <span class='ocrx_word' id='word_1_205' title='bbox 1104 3240 1234 3319; x_wconf 84' lang='lat' dir='ltr'>quanto</span> <span class='ocrx_word' id='word_1_206' title='bbox 1246 3232 1271 3297; x_wconf 85' lang='lat' dir='ltr'><strong>l&#39;</strong></span> <span class='ocrx_word' id='word_1_207' title='bbox 1284 3230 1476 3308; x_wconf 78' lang='grc'><strong>1313333313,</strong></span> 
     </span>
     <span class='ocr_line' id='line_1_25' title="bbox 241 3344 1480 3435; baseline -0.004 -20"><span class='ocrx_word' id='word_1_208' title='bbox 241 3357 283 3415; x_wconf 83' lang='lat' dir='ltr'><strong>et</strong></span> <span class='ocrx_word' id='word_1_209' title='bbox 299 3348 412 3415; x_wconf 86' lang='lat' dir='ltr'>anche</span> <span class='ocrx_word' id='word_1_210' title='bbox 427 3344 460 3414; x_wconf 90' lang='lat' dir='ltr'><strong>ei</strong></span> <span class='ocrx_word' id='word_1_211' title='bbox 476 3350 554 3415; x_wconf 74' lang='lat' dir='ltr'><strong>seri</strong></span> <span class='ocrx_word' id='word_1_212' title='bbox 570 3345 593 3413; x_wconf 91' lang='grc'><strong>11</strong></span> <span class='ocrx_word' id='word_1_213' title='bbox 606 3368 663 3416; x_wconf 88' lang='lat' dir='ltr'><strong>mo</strong></span> <span class='ocrx_word' id='word_1_214' title='bbox 674 3345 709 3414; x_wconf 95' lang='lat' dir='ltr'><strong>di</strong></span> <span class='ocrx_word' id='word_1_215' title='bbox 721 3348 930 3435; x_wconf 85' lang='lat' dir='ltr'>gouernarlo</span> <span class='ocrx_word' id='word_1_216' title='bbox 941 3358 1072 3435; x_wconf 87' lang='lat' dir='ltr'>quanto</span> <span class='ocrx_word' id='word_1_217' title='bbox 1083 3348 1117 3415; x_wconf 89' lang='grc'><strong>31</strong></span> <span class='ocrx_word' id='word_1_218' title='bbox 1128 3346 1202 3413; x_wconf 80' lang='grc'><strong>3113</strong></span> <span class='ocrx_word' id='word_1_219' title='bbox 1213 3345 1364 3415; x_wconf 87' lang='lat' dir='ltr'>secondo</span> <span class='ocrx_word' id='word_1_220' title='bbox 1376 3344 1400 3411; x_wconf 92' lang='lat' dir='ltr'><strong>il</strong></span> <span class='ocrx_word' id='word_1_221' title='bbox 1415 3364 1480 3412; x_wconf 88' lang='lat' dir='ltr'><strong>suo</strong></span> 
     </span>
    </p>
   </div>
   <div class='ocr_carea' id='block_1_8' title="bbox 251 3496 451 3515">
    <p class='ocr_par' dir='ltr' id='par_1_12' title="bbox 251 3496 451 3515">
     <span class='ocr_line' id='line_1_26' title="bbox 251 3496 451 3515; baseline -0.01 -6"><span class='ocrx_word' id='word_1_222' title='bbox 251 3496 451 3515; x_wconf 67' lang='grc' dir='ltr'>-ι-ςι--ι-</span> 
     </span>
    </p>
   </div>
   <div class='ocr_carea' id='block_1_9' title="bbox 302 3570 1204 3631">
    <p class='ocr_par' dir='ltr' id='par_1_13' title="bbox 302 3570 1204 3631">
     <span class='ocr_line' id='line_1_27' title="bbox 302 3570 1204 3631; baseline -0.002 -6"><span class='ocrx_word' id='word_1_223' title='bbox 302 3572 317 3614; x_wconf 89' lang='lat' dir='ltr'>b</span> <span class='ocrx_word' id='word_1_224' title='bbox 354 3586 456 3629; x_wconf 79' lang='lat' dir='ltr'>cems.</span> <span class='ocrx_word' id='word_1_225' title='bbox 494 3584 544 3613; x_wconf 75' lang='grc' dir='ltr'><strong>-ο</strong></span> <span class='ocrx_word' id='word_1_226' title='bbox 564 3570 671 3627; x_wconf 78' lang='lat' dir='ltr'>Venite</span> <span class='ocrx_word' id='word_1_227' title='bbox 685 3588 742 3631; x_wconf 75' lang='lat' dir='ltr'><strong>me.</strong></span> <span class='ocrx_word' id='word_1_228' title='bbox 781 3570 945 3627; x_wconf 65' lang='lat' dir='ltr'>-dcimn</span> <span class='ocrx_word' id='word_1_229' title='bbox 988 3570 1204 3626; x_wconf 63' lang='grc'><strong>-3313333333,</strong></span> 
     </span>
    </p>
   </div>
   <div class='ocr_carea' id='block_1_10' title="bbox 303 3740 902 3815">
    <p class='ocr_par' dir='ltr' id='par_1_14' title="bbox 303 3740 902 3815">
     <span class='ocr_line' id='line_1_28' title="bbox 303 3740 902 3815; baseline 0.002 -21"><span class='ocrx_word' id='word_1_230' title='bbox 303 3756 318 3783; x_wconf 74' lang='lat'>¹</span> <span class='ocrx_word' id='word_1_231' title='bbox 355 3758 423 3796; x_wconf 83' lang='grc'><strong>3333</strong></span> <span class='ocrx_word' id='word_1_232' title='bbox 440 3758 516 3809; x_wconf 82' lang='grc'><strong>3333.,·</strong></span> <span class='ocrx_word' id='word_1_233' title='bbox 530 3746 559 3796; x_wconf 81' lang='lat' dir='ltr'><strong>et</strong></span> <span class='ocrx_word' id='word_1_234' title='bbox 580 3742 623 3796; x_wconf 81' lang='grc'><strong>313</strong></span> <span class='ocrx_word' id='word_1_235' title='bbox 641 3741 737 3815; x_wconf 77' lang='lat' dir='ltr'><strong>paulo</strong></span> <span class='ocrx_word' id='word_1_236' title='bbox 756 3740 902 3815; x_wconf 78' lang='lat' dir='ltr'><strong>inferius.</strong></span> 
     </span>
    </p>
   </div>
   <div class='ocr_carea' id='block_1_11' title="bbox 239 3948 1486 4378">
    <p class='ocr_par' dir='ltr' id='par_1_15' title="bbox 304 3948 1179 4005">
     <span class='ocr_line' id='line_1_29' title="bbox 304 3948 1179 4005; baseline -0.007 -3"><span class='ocrx_word' id='word_1_237' title='bbox 304 3951 316 3981; x_wconf 73' lang='lat'><strong>²</strong></span> <span class='ocrx_word' id='word_1_238' title='bbox 354 3948 542 4003; x_wconf 85' lang='lat' dir='ltr'>Eleutherius</span> <span class='ocrx_word' id='word_1_239' title='bbox 560 3948 721 4005; x_wconf 80' lang='lat' dir='ltr'>Fontanus.</span> <span class='ocrx_word' id='word_1_240' title='bbox 1176 3988 1179 3996; x_wconf 91' lang='lat'><em>.</em></span> 
     </span>
    </p>

    <p class='ocr_par' dir='ltr' id='par_1_16' title="bbox 239 4032 1486 4290">
     <span class='ocr_line' id='line_1_30' title="bbox 305 4032 1486 4107; baseline -0.003 -16"><span class='ocrx_word' id='word_1_241' title='bbox 305 4038 317 4069; x_wconf 86' lang='lat'><strong>³</strong></span> <span class='ocrx_word' id='word_1_242' title='bbox 354 4036 515 4093; x_wconf 81' lang='lat' dir='ltr'>Guerricus</span> <span class='ocrx_word' id='word_1_243' title='bbox 530 4035 694 4094; x_wconf 82' lang='lat' dir='ltr'>Deodatus.</span> <span class='ocrx_word' id='word_1_244' title='bbox 709 4036 774 4091; x_wconf 90' lang='lat' dir='ltr'><strong>Non</strong></span> <span class='ocrx_word' id='word_1_245' title='bbox 788 4044 886 4091; x_wconf 80' lang='lat' dir='ltr'>tamen</span> <span class='ocrx_word' id='word_1_246' title='bbox 900 4033 960 4106; x_wconf 87' lang='lat' dir='ltr'>hic,</span> <span class='ocrx_word' id='word_1_247' title='bbox 972 4042 1127 4107; x_wconf 74' lang='lat' dir='ltr'>correptus</span> <span class='ocrx_word' id='word_1_248' title='bbox 1141 4036 1255 4106; x_wconf 85' lang='lat' dir='ltr'>morbo,</span> <span class='ocrx_word' id='word_1_249' title='bbox 1269 4035 1392 4089; x_wconf 81' lang='lat' dir='ltr'>Romam</span> <span class='ocrx_word' id='word_1_250' title='bbox 1410 4032 1486 4106; x_wconf 90' lang='lat' dir='ltr'><strong>peti·</strong></span> 
     </span>
     <span class='ocr_line' id='line_1_31' title="bbox 248 4123 1223 4199; baseline -0.001 -18"><span class='ocrx_word' id='word_1_251' title='bbox 248 4125 307 4196; x_wconf 78' lang='lat' dir='ltr'><strong>vit3</strong></span> <span class='ocrx_word' id='word_1_252' title='bbox 321 4126 374 4181; x_wconf 79' lang='lat' dir='ltr'><strong>sed</strong></span> <span class='ocrx_word' id='word_1_253' title='bbox 387 4144 424 4181; x_wconf 85' lang='lat' dir='ltr'><strong>ex</strong></span> <span class='ocrx_word' id='word_1_254' title='bbox 437 4128 564 4197; x_wconf 67' lang='lat' dir='ltr'><strong>collegio</strong></span> <span class='ocrx_word' id='word_1_255' title='bbox 577 4126 717 4199; x_wconf 80' lang='lat' dir='ltr'><strong>patavino</strong></span> <span class='ocrx_word' id='word_1_256' title='bbox 730 4123 767 4181; x_wconf 81' lang='lat' dir='ltr'><strong>ad</strong></span> <span class='ocrx_word' id='word_1_257' title='bbox 779 4127 942 4185; x_wconf 67' lang='lat' dir='ltr'>caelestem</span> <span class='ocrx_word' id='word_1_258' title='bbox 956 4126 1060 4181; x_wconf 83' lang='lat' dir='ltr'>urbem</span> <span class='ocrx_word' id='word_1_259' title='bbox 1074 4124 1223 4198; x_wconf 77' lang='lat' dir='ltr'><strong>migravit.</strong></span> 
     </span>
     <span class='ocr_line' id='line_1_32' title="bbox 239 4216 809 4290; baseline 0 -20"><span class='ocrx_word' id='word_1_260' title='bbox 239 4274 240 4279; x_wconf 8' lang='grc' dir='ltr'>χ</span> <span class='ocrx_word' id='word_1_261' title='bbox 308 4217 433 4273; x_wconf 82' lang='lat' dir='ltr'>⁴Vide</span> <span class='ocrx_word' id='word_1_262' title='bbox 440 4216 602 4290; x_wconf 73' lang='lat' dir='ltr'>epistolem</span> <span class='ocrx_word' id='word_1_263' title='bbox 615 4216 809 4289; x_wconf 79' lang='lat' dir='ltr'>superiorem.</span> 
     </span>
    </p>

    <p class='ocr_par' dir='ltr' id='par_1_17' title="bbox 306 4303 1340 4378">
     <span class='ocr_line' id='line_1_33' title="bbox 306 4303 1340 4378; baseline -0.005 -17"><span class='ocrx_word' id='word_1_264' title='bbox 306 4308 319 4343; x_wconf 77' lang='lat'>³</span> <span class='ocrx_word' id='word_1_265' title='bbox 356 4306 460 4363; x_wconf 81' lang='lat' dir='ltr'>Petrus</span> <span class='ocrx_word' id='word_1_266' title='bbox 473 4306 556 4362; x_wconf 89' lang='lat' dir='ltr'>Brito</span> <span class='ocrx_word' id='word_1_267' title='bbox 568 4304 639 4363; x_wconf 85' lang='lat' dir='ltr'>alibi</span> <span class='ocrx_word' id='word_1_268' title='bbox 652 4306 827 4378; x_wconf 76' lang='lat' dir='ltr'>appellatur.</span> <span class='ocrx_word' id='word_1_269' title='bbox 843 4303 942 4377; x_wconf 77' lang='lat' dir='ltr'><strong>Epist.</strong></span> <span class='ocrx_word' id='word_1_270' title='bbox 956 4304 1083 4373; x_wconf 60' lang='lat' dir='ltr'><strong>Motae,</strong></span> <span class='ocrx_word' id='word_1_271' title='bbox 1095 4304 1138 4359; x_wconf 93' lang='lat' dir='ltr'><strong>IV</strong></span> <span class='ocrx_word' id='word_1_272' title='bbox 1142 4316 1216 4377; x_wconf 81' lang='lat'><strong>‚204</strong></span> <span class='ocrx_word' id='word_1_273' title='bbox 1229 4309 1260 4359; x_wconf 83' lang='lat' dir='ltr'><strong>et</strong></span> <span class='ocrx_word' id='word_1_274' title='bbox 1274 4314 1340 4371; x_wconf 91' lang='grc'><strong>335.</strong></span> 
     </span>
    </p>
   </div>
   <div class='ocr_carea' id='block_1_12' title="bbox 306 4482 1165 4681">
    <p class='ocr_par' dir='ltr' id='par_1_18' title="bbox 306 4482 1155 4646">
     <span class='ocr_line' id='line_1_34' title="bbox 308 4482 829 4560; baseline -0.004 -18.797"><span class='ocrx_word' id='word_1_275' title='bbox 308 4486 399 4541; x_wconf 83' lang='lat' dir='ltr'><strong>¹Ex</strong></span> <span class='ocrx_word' id='word_1_276' title='bbox 412 4485 515 4542; x_wconf 85' lang='lat' dir='ltr'>codice</span> <span class='ocrx_word' id='word_1_277' title='bbox 529 4486 648 4560; x_wconf 68' lang='lat' dir='ltr'><strong>Rogati.</strong></span> <span class='ocrx_word' id='word_1_278' title='bbox 663 4484 689 4549; x_wconf 90' lang='lat' dir='ltr'><strong>I,</strong></span> <span class='ocrx_word' id='word_1_279' title='bbox 703 4482 829 4543; x_wconf 76' lang='grc'><strong>131333</strong></span> 
     </span>
     <span class='ocr_line' id='line_1_35' title="bbox 306 4572 1165 4681; baseline -0.005 -49"><span class='ocrx_word' id='word_1_280' title='bbox 306 4576 319 4611; x_wconf 81' lang='lat'><strong>¹</strong></span> <span class='ocrx_word' id='word_1_281' title='bbox 357 4575 517 4632; x_wconf 80' lang='lat' dir='ltr'>Guerricus</span> <span class='ocrx_word' id='word_1_282' title='bbox 533 4574 696 4634; x_wconf 81' lang='lat' dir='ltr'>Deodatus.</span> <span class='ocrx_word' id='word_1_283' title='bbox 712 4572 787 4630; x_wconf 84' lang='lat' dir='ltr'><strong>Vide</strong></span> <span class='ocrx_word' id='word_1_284' title='bbox 802 4572 959 4645; x_wconf 78' lang='lat' dir='ltr'>epistolem</span> <span class='ocrx_word' id='word_1_285' title='bbox 972 4572 1165 4681; x_wconf 76' lang='lat' dir='ltr'>superiorem.</span> 
     </span>
    </p>
   </div>
   <div class='ocr_carea' id='block_1_13' title="bbox 307 4664 744 4739">
    <p class='ocr_par' dir='ltr' id='par_1_19' title="bbox 307 4664 744 4739">
     <span class='ocr_line' id='line_1_36' title="bbox 307 4664 744 4739; baseline -0.008 -17.604"><span class='ocrx_word' id='word_1_286' title='bbox 307 4664 490 4739; x_wconf 78' lang='lat' dir='ltr'>³Blpidius</span> <span class='ocrx_word' id='word_1_287' title='bbox 504 4665 677 4735; x_wconf 82' lang='lat' dir='ltr'>Ugolettus.</span> <span class='ocrx_word' id='word_1_288' title='bbox 741 4686 744 4693; x_wconf 92' lang='lat'>·</span> 
     </span>
    </p>
   </div>
   <div class='ocr_carea' id='block_1_14' title="bbox 0 0 1788 5409">
    <p class='ocr_par' dir='ltr' id='par_1_20' title="bbox 0 0 1788 5409">
     <span class='ocr_line' id='line_1_37' title="bbox 0 0 1788 5409; baseline 0 0"><span class='ocrx_word' id='word_1_289' title='bbox 0 0 1788 5409; x_wconf 95' lang='lat' dir='ltr'><strong> </strong></span> 
     </span>
    </p>
   </div>
  </div>
 </body>
</html>
