3567 5409
1525 6 1599 26 ’Ἴ
1764 6 1770 247 Ι

360 588 428 656 ebe
443 586 501 655 noi
517 586 713 675 pagassimo
727 586 763 652 di
779 608 847 674 qua
862 586 886 651 il
902 585 1036 654 cambio
1049 588 1159 670 (como
1172 608 1320 673 pagamo
1335 586 1413 653 altri
1429 587 1596 673 inter-osi),

365 703 565 771 baueriamo
580 724 702 770 accaro
718 703 753 769 di
770 704 880 770 hauer
896 702 1011 788 quello
1025 704 1090 771 che
1105 704 1150 769 V.
1171 704 1210 769 R.
1232 702 1264 768 ci
1285 702 1387 772 deue.
1412 706 1469 771 Ma
1489 724 1597 790 penso

364 842 434 886 non
449 822 634 888 manchera
649 818 685 885 di
701 819 753 885 far
769 820 884 904 quello
900 820 967 886 che
984 818 1093 904 potra.

431 936 465 1003 A
483 938 584 1003 Mtro.
607 933 757 1002 Pontio'
775 933 850 1001 sera
871 932 1106 1001 ricomandata
1126 933 1149 999 l'
1172 932 1387 1019 espeditione
1407 935 1496 1003 delle
1515 956 1601 1001 con-

362 1049 501 1119 uertite.

430 1164 664 1235 Riceuessimo
681 1165 704 1231 il
720 1165 868 1252 capitolo
883 1166 975 1235 della
990 1166 1111 1233 lettera
1123 1165 1179 1232 del
1196 1164 1378 1251 imperator
1393 1168 1419 1247 ⁸,
1439 1176 1474 1234 et
1490 1166 1521 1232 ci
1537 1188 1600 1253 ag-

360 1282 559 1369 giutaremo
574 1281 610 1347 di
627 1282 741 1367 quello
761 1281 793 1347 al
813 1302 879 1347 suo
895 1291 1021 1367 temp03
1043 1302 1099 1345 ma
1120 1300 1182 1366 per
1202 1280 1254 1346 far
1270 1282 1294 1345 l'
1317 1280 1533 1367 espeditione
1556 1284 1601 1351 de

357 1408 461 1464 santa
478 1396 587 1465 Maria
602 1398 647 1465 de
662 1398 695 1463 la
710 1397 849 1478 Grotta,
867 1396 911 1463 V.
931 1398 972 1463 R.
989 1418 1027 1463 sa
1043 1398 1107 1463 che
1123 1416 1248 1462 serario
1265 1395 1450 1463 necessarii
1466 1395 1598 1464 danari.

430 1512 532 1580 Circa
552 1513 577 1579 il
598 1513 769 1593 Verdura,
787 1513 832 1578 N.
855 1514 898 1578 P.
917 1510 936 1579 ὲ
956 1521 1120 1579 contento
1140 1510 1195 1577 si·
1216 1511 1353 1578 accetti.
1380 1513 1523 1597 Quanto
1543 1510 1600 1579 all'

358 1627 440 1694 altri
455 1630 561 1697 uuole
576 1650 671 1695 esser
684 1626 867 1695 informato
882 1625 942 1721 piu
954 1626 1255 1713 particolarmente
1267 1628 1357 1695 delle
1369 1648 1432 1695 sue
1445 1628 1544 1714 parti,
1563 1638 1600 1696 et

359 1756 506 1826 statura,
532 1742 721 1831 aparentia,
748 1743 881 1824 lettere,
906 1742 1059 1830 ingeni0,
1084 1753 1167 1823 ete,
1194 1741 1337 1809 insieme
1355 1744 1415 1809 ¹col
1437 1764 1536 1829 parer
1554 1743 1600 1813 de

364 1866 408 1929 V.
433 1864 475 1929 R.

318 2033 321 2039 ,
429 1976 531 2045 Circa
546 1976 569 2041 li
586 1974 682 2042 dubii
699 1975 937 2062 appartenenti
954 1976 1023 2041 ala
1039 1996 1178 2061 guerra,
1194 1996 1262 2059 qua
1274 1974 1306 2040 ci
1321 1974 1520 2041 risoluiamo
1532 1977 1598 2043 clre

358 2116 430 2161 non
446 2092 475 2159 si
491 2114 512 2159 a
527 2093 571 2159 da
587 2091 639 2158 sar
656 2092 813 2177 scropolo
825 2113 846 2157 a
858 2091 895 2159 S.
913 2092 952 2157 E.
968 2090 1038 2157 ‘de
1055 2110 1136 2158 cose
1153 2088 1266 2169 simili;
1281 2089 1422 2175 perche,
1436 2092 1520 2157 dato
1533 2093 1598 2158 che

357 2210 392 2275 la
408 2230 535 2297 guerra
551 2207 601 2273 sia
617 2206 723 2288 licita,
740 2216 864 2292 questo
881 2216 974 2273 tutto
995 2206 1024 2271 si
1041 2207 1075 2272 fa
1098 2204 1203 2272 licito.
1224 2205 1366 2273 Restera
1388 2207 1421 2273 la
1437 2205 1596 2290 question

355 2324 442 2411 quid
459 2322 630 2410 expediat,
650 2322 808 2389 massirne
825 2322 919 2387 circa
934 2332 1079 2389 mettere
1095 2321 1130 2387 in
1148 2322 1248 2407 galea
1263 2320 1285 2386 li
1302 2320 1474 2409 pregioni,
1493 2320 1516 2387 il
1531 2322 1596 2388 che

359 2462 442 2527 pare
458 2441 610 2518 duretto,
629 2460 684 2504 ma
700 2460 770 2503 non
786 2436 953 2524 ingiusto.
973 2436 1018 2505 Di
1034 2436 1147 2521 quella
1163 2436 1377 2503 ordinatione
1389 2437 1594 2522 apostolica,

358 2577 431 2623 non
446 2556 595 2623 essendo
611 2553 647 2619 in
665 2575 742 2634 uso,
761 2575 830 2618 non
847 2554 975 2620 accade
991 2554 1102 2621 anche
1115 2574 1231 2648 essere
1247 2553 1412 2620 sollecito.

430 2674 497 2739 Per
513 2670 536 2735 il
554 2670 689 2739 fratello
704 2668 855 2737 Gioanni
871 2669 907 2735 di
923 2692 985 2737 san
1003 2669 1194 2749 Clemente,
1213 2672 1277 2735 elre
1298 2668 1349 2735 sia
1368 2669 1404 2735 in
1426 2670 1548 2755 gloria,
1566 2668 1595 2737 si

354 2790 378 2854 e
395 2787 481 2855 latta
496 2787 528 2852 la
544 2784 868 2852 raccomandatione
883 2784 1114 2852 conueniente
1128 2787 1151 2851 ⁵.

425 2903 451 2968 ll
464 2901 604 2988 spaceio
617 2903 662 2970 de
674 2912 775 2967 santo
785 2900 940 2986 Giacopo
952 2901 1042 2968 della
1056 2903 1189 2968 Masera
1201 2902 1222 2965 l'
1232 2901 1419 2968 babbiamo
1433 2904 1596 2969 mandato

357 3016 529 3105 parecchii
546 3016 590 3083 di
606 3039 692 3083 sono
710 3038 770 3101 per
786 3013 842 3081 uia
858 3016 893 3081 di
914 3016 1051 3101 Napoli.

428 3133 517 3201 Delli
534 3132 655 3199 danari
671 3130 792 3199 debitti
810 3132 843 3198 al
859 3131 1088 3199 Tramezin0⁰
1110 3154 1170 3217 per
1190 3130 1214 3197 li
1230 3131 1320 3215 libri,
1338 3132 1371 3199 io
1387 3154 1456 3198 non
1473 3134 1595 3200 soche

357 3251 402 3316 V.
424 3252 465 3316 R.
485 3248 553 3316 mai
569 3250 617 3313 m'
635 3246 763 3314 habbia
780 3248 877 3313 datto
893 3247 960 3314 tale
972 3257 1160 3333 assumpte,
1176 3248 1311 3315 benche
1328 3247 1361 3313 io
1372 3249 1406 3315 lo
1420 3248 1537 3335 pigliai
1549 3250 1595 3315 de

358 3386 467 3451 pagar
483 3364 561 3431 altri
578 3362 668 3444 libri,
686 3363 711 3429 il
727 3364 791 3429 che
807 3364 853 3428 ho
868 3362 967 3441 fatto,
985 3372 1020 3429 et
1036 3363 1197 3429 mandato
1209 3362 1242 3429 la
1257 3361 1413 3431 riceuuta
1425 3365 1481 3432 del
1493 3363 1595 3433 istes-

354 3504 397 3548 so
413 3481 552 3548 libraro.
572 3481 616 3549 V.
637 3482 678 3546 R.
699 3479 788 3547 uerla
803 3476 838 3543 di
856 3476 1037 3545 ricordarsi
1058 3480 1158 3559 bene,
1181 3489 1217 3547 et
1237 3478 1283 3544 mi
1304 3480 1403 3566 porra
1420 3480 1482 3547 dar
1503 3502 1594 3547 ame

400 436 453 507 736
776 437 985 493 Mouurrenrrr
1005 435 1183 491 lunarum

410 3739 423 3765 ι
460 3723 488 3777 ci
502 3738 559 3776 ms.
597 3724 647 3765 -b
667 3736 772 3776 serisso
784 3736 842 3775 ms.

364 3863 569 3873 ..---...——-

410 3960 422 3990 ³
460 3954 584 4010 Pontius
597 3953 805 4024 Cogordanus.

411 4048 423 4077 ³
459 4045 583 4100 Carolus
602 4042 639 4100 V.
658 4043 905 4100 «Mittebantur...
925 4040 1042 4095 litterae
1060 4038 1097 4095 ad
1115 4040 1260 4111 Legatum
1283 4038 1376 4113 ipsius
1391 4042 1590 4115 Imperatoris,

351 4135 405 4209 qui
420 4135 451 4189 in
463 4134 595 4187 Romana
608 4130 689 4186 curia
703 4129 865 4199 residebat,
878 4138 912 4184 ut
925 4128 1045 4185 nomine
1058 4128 1223 4184 Caesareae
1237 4130 1400 4199 Maiestatis
1413 4147 1589 4187 consensum

355 4232 521 4296 praestaret
531 4222 561 4276 in
572 4221 763 4293 expeditione
771 4220 936 4275 litterarum
947 4217 1204 4290 apostolicarum.»
1210 4218 1392 4285 POLANCUS,
1402 4219 1514 4275 Clrrorr.
1518 4262 1527 4289 ,
1537 4220 1590 4291 111,
1636 4265 1640 4272 .

358 4326 420 4382 225.

410 4405 422 4438 ⁴
460 4403 590 4473 Joannes
603 4400 698 4469 Vega.
712 4394 760 4455 Cf.
775 4397 960 4467 Porrrcus,
977 4396 1099 4463 Chron„
1112 4394 1165 4466 ΙΙΙ,
1179 4408 1242 4465 505.

409 4496 420 4526 ⁵
458 4493 641 4556 pommus,
663 4488 788 4556 Chron„
806 4486 861 4558 111,
880 4500 945 4559 201,
966 4485 1066 4540 multis
1084 4483 1221 4541 laudibus
1240 4486 1318 4541 hunc
1331 4484 1475 4558 optimum
1495 4487 1591 4543 adole·

352 4593 489 4641 scentem
499 4580 688 4634 cohonestat.

408 4675 420 4707 ⁶
458 4671 582 4725 Michaer
596 4667 799 4723 Tramezzino.
814 4668 999 4731 PoLAtthS,
1015 4665 1138 4727 Clrrorr.,
1151 4664 1202 4735 ΙΙΙ,
1216 4662 1276 4717 133.
