3567 5409
539 528 643 582 Errsr.
664 524 818 595 3932.-25
838 525 1026 581 Novauarus
1050 522 1117 593 ¹553
1343 522 1398 592 7²³

269 678 339 765 Qui
356 678 384 745 si
402 680 526 747 manda
542 700 590 744 un
602 678 755 765 giubileo
769 679 794 759 ⁵,
809 678 865 745 cui
877 688 996 747 tenore
1008 678 1206 745 uederanno
1218 678 1249 745 le
1261 679 1336 745 RR.
1352 678 1433 747 VV.

198 804 236 860 et
252 796 285 861 lo
300 806 487 881 protranno
504 794 680 881 publicare
695 815 793 862 come
809 793 837 860 si
854 790 1057 881 giudichera
1073 792 1326 883 conueniente.¹

267 912 302 977 A
317 908 398 976 tutti
415 910 523 977 nostri
540 909 677 992 fratelli,
695 921 730 976 et
752 909 788 975 in
806 908 916 995 spetie
932 908 989 975 alli
1005 908 1155 975 mandati
1172 908 1207 974 di
1222 930 1302 993 qua,
1326 911 1436 977 Fran-

198 1047 304 1095 cesco
320 1037 357 1091 et
372 1024 490 1093 Pietro
506 1028 533 1107 ⁰,
551 1024 598 1091 mi
613 1026 852 1092 raccomando.
871 1025 942 1111 Qui
959 1046 1002 1091 va
1019 1048 1087 1093 una
1108 1027 1229 1094 lettera
1245 1048 1306 1113 per
1327 1027 1355 1093 F
1357 1048 1436 1093 ran-

198 1162 317 1211 oesco.
335 1143 379 1208 V.
395 1143 438 1208 R.
457 1142 584 1210 uedera
599 1153 614 1182 ⁸
629 1164 667 1209 se
683 1142 759 1207 sara
776 1140 977 1227 espediente
992 1141 1170 1229 dargliela‚
1190 1164 1210 1207 o
1226 1163 1283 1208 na.

269 1258 402 1343 Questa
417 1261 494 1325 sara
509 1279 658 1324 comune
674 1257 705 1323 al
719 1258 831 1325 Padre
847 1268 976 1324 rettore
994 1260 1004 1292 ²
1022 1267 1057 1325 et
1072 1260 1149 1325 aV.
1168 1260 1213 1325 R.

270 1372 329 1440 Sia
344 1394 411 1439 con
428 1372 509 1438 tutti
521 1375 606 1460 Jesu
622 1374 688 1439 X.⁰

271 1487 314 1555 Di
331 1490 440 1555 Roma
456 1506 499 1573 23
516 1489 559 1555 de
579 1490 781 1557 Nouembre
801 1504 886 1572 1553
903 1490 928 1553 ⁸.

271 1604 468 1689 Inscriptio.
489 1604 593 1671 Perii
611 1606 650 1670 P.
670 1603 822 1693 Canisi0.

766 1777 873 1858 3932

474 1910 737 1980 VICARIO
779 1909 1171 1977 BONONIENSI

586 2044 675 2086 noun
696 2044 730 2101 25
751 2044 934 2087 novauunrs
957 2029 1025 2100 ¹553
1040 2034 1060 2091 ¹.

203 2150 340 2206 Comiter
351 2168 381 2205 se
393 2153 515 2205 exerrant
527 2149 619 2219 quod,
631 2150 708 2218 prae
719 2149 873 2202 sociorum
890 2149 1055 2217 paucitate,
1070 2154 1198 2219 nequeat
1216 2149 1280 2220 ejus
1294 2151 1371 2205 votis
1388 2169 1442 2206 arr·

258 2258 362 2305 viuere,
376 2244 403 2295 et
417 2240 602 2294 sacerdotem
616 2237 749 2292 mittere:
762 2238 799 2291 de
810 2235 989 2309 sufficiendo
1003 2242 1106 2291 autem
1119 2237 1211 2293 aliae
1227 2240 1340 2294 rostris
1354 2238 1387 2294 in
1401 2242 1442 2297 lo·

258 2346 327 2385 cum
340 2326 504 2391 Aversani,
517 2326 646 2399 infirma
660 2326 836 2381 valetudine
846 2326 968 2391 atentia,
983 2342 1013 2381 se
1025 2328 1236 2383 commissario
1252 2328 1442 2400 scripturum

257 2417 432 2489 pollicetar.

274 2543 381 2611 Molto
398 2544 484 2609 Rdo.
504 2540 706 2627 monsignor
721 2541 777 2607 nel
793 2540 922 2626 Signor
934 2552 1052 2607 nostro
1069 2520 1385 2610 osservandissimo.

274 2661 324 2727 La
344 2680 479 2725 somma
498 2656 659 2743 gratiaci
677 2678 773 2722 amor
795 2666 915 2724 eterno
931 2658 973 2722 de
994 2656 1136 2723 Christo
1158 2660 1203 2725 N.
1226 2660 1264 2729 S.
1287 2660 1390 2727 saluti
1407 2672 1443 2729 et

207 2775 301 2842 uisiti
318 2776 361 2842 V.
382 2774 471 2844 Sria.
489 2774 576 2840 Rda.
594 2794 660 2839 con
677 2771 753 2839 suoi
770 2771 956 2839 santissimi
972 2772 1053 2839 doni
1074 2784 1109 2841 et
1129 2775 1241 2859 gratie
1260 2774 1440 2861 spirituali.

276 2894 342 2959 Per
366 2912 435 2957 una
456 2892 499 2956 de
520 2892 564 2957 V.
588 2887 678 2955 Sria.
696 2889 740 2955 de
769 2890 807 2955 18
824 2890 880 2957 del
900 2899 1059 2974 presente
1081 2888 1222 2957 intendo
1244 2894 1307 2959 che
1324 2904 1444 2959 nostro

208 3008 342 3076 fratello
358 3008 428 3072 don
444 3008 637 3073 Francesco
656 3003 800 3084 Palmi0,
817 3026 878 3089 per
894 3026 988 3073 esser
1008 3006 1115 3071 molto
1137 3019 1305 3093 occupato
1325 3006 1360 3073 in
1382 3029 1445 3075 ua-

208 3124 258 3190 rie
274 3144 366 3203 cose,
386 3126 420 3187 n’
437 3120 579 3188 haueria
595 3120 743 3206 bisogno
758 3121 793 3185 d'
811 3142 859 3186 un
876 3120 964 3186 altro
980 3122 1170 3202 sacerdote,
1194 3144 1255 3208 per
1276 3145 1370 3191 esser
1390 3122 1445 3189 in·

217 3246 414 3257 ——ae-

261 3310 275 3336 ι
312 3292 366 3345 Vs
379 3292 430 3350 tce
442 3288 551 3345 uedera
565 3307 621 3343 ms.

214 3398 412 3407 ...-—-——-

262 3448 274 3480 ⁵
311 3446 357 3498 De
379 3459 415 3497 eo
436 3444 709 3511 urrunsaancan,
725 3458 772 3513 op.
786 3442 852 3510 cit.,
866 3458 937 3512 pag.
955 3454 1018 3511 442,
1041 3450 1140 3497 annot.
1160 3442 1184 3496 1.
1205 3444 1256 3497 Est
1269 3444 1349 3497 enim
1365 3443 1447 3513 jubi-

208 3537 304 3590 laeum
317 3551 335 3587 a
350 3533 430 3603 Julio
443 3532 672 3586 inconcessum
696 3546 749 3601 pro
772 3530 900 3600 Angliae
923 3528 960 3584 ad
980 3530 1137 3585 ecclesiam
1159 3531 1333 3585 catholicam
1360 3530 1447 3586 redu·

209 3626 318 3681 ctione.

262 3716 275 3749 θ
311 3714 334 3767 F
336 3711 485 3767 ranciscus
499 3710 656 3763 Emerulus
670 3716 701 3762 et
714 3708 821 3763 Petrus
834 3708 949 3767 Hoefft.

263 3810 274 3839 ⁷
312 3803 453 3859 Nicotaus
466 3798 605 3869 Lanojus.

260 3897 273 3929 ⁸
309 3892 499 3947 Matritenses
512 3888 642 3942 editores
656 3886 754 3958 operis
766 3886 878 3941 Cariae
890 3888 927 3941 de
938 3887 1005 3942 San
1015 3886 1153 3959 Ignacio,
1162 3888 1214 3957 Vl,
1225 3886 1290 3959 439,
1300 3887 1447 3959 fragmen·

210 3994 272 4040 tum
286 3983 440 4037 dumtaxat
452 3978 541 4049 hujus
554 3976 711 4048 epistolae,
724 3976 835 4030 omisso
852 3974 1021 4047 scriptionis
1039 3985 1181 4047 tempore,
1201 3977 1238 4033 ad
1255 3978 1366 4031 calcem
1386 3980 1448 4049 epi·

209 4074 349 4131 stolarum
362 4068 431 4124 anni
448 4080 516 4136 1555
529 4065 733 4137 conjecerunt,
747 4062 844 4119 secuti
857 4065 972 4119 scilicet
986 4064 1088 4119 Patres
1102 4064 1294 4134 Corinnam,
1305 4066 1449 4122 Historia

212 4163 342 4234 collegii
358 4158 549 4225 Germanici,
565 4158 583 4215 l.
599 4156 624 4226 1,
636 4174 666 4211 n.
679 4154 725 4223 33,
740 4164 771 4210 et
785 4155 1003 4226 Mederiacum,
1021 4154 1174 4226 Epistulae
1186 4156 1215 4213 S.
1231 4156 1352 4227 Ignatii
1365 4156 1449 4227 Lojo-

211 4255 269 4319 lae,
283 4268 351 4325 pag.
378 4262 439 4319 197,
457 4266 486 4305 n.
510 4248 570 4316 182,
594 4244 644 4317 qui
663 4244 819 4316 epistolam
833 4259 870 4297 eo
885 4260 964 4297 anno
980 4243 1079 4297 datam
1093 4244 1185 4299 luisse
1203 4244 1277 4299 falso
1294 4254 1448 4316 putarunt.

210 4341 282 4408 Alii,
295 4356 369 4413 quos
382 4337 455 4393 citat
468 4345 499 4391 et
512 4335 646 4407 sequitur
660 4333 868 4403 Scflaouunn,
883 4332 1116 4391 Monumenta...
1134 4332 1264 4405 Collegit
1284 4334 1450 4390 Germani·

211 4432 251 4500 ei,
263 4446 330 4502 pag.
358 4439 409 4495 149
422 4434 454 4480 et
473 4438 535 4495 150,
555 4423 634 4478 idem
651 4422 853 4492 fragmentum
871 4421 1026 4489 exhibent,
1048 4438 1065 4475 a
1088 4422 1120 4478 P.
1140 4422 1289 4478 Gulielmo
1302 4424 1448 4495 Fusnnu,

211 4518 354 4574 Historia
366 4533 421 4572 ms.
435 4512 566 4585 Collegii
572 4510 761 4583 germanici,
772 4508 910 4579 mutuati,
924 4510 974 4581 qui
987 4510 1065 4565 diem
1081 4524 1114 4580 29
1128 4511 1305 4567 Novembris
1321 4510 1389 4581 1553
1401 4511 1447 4567 illi

169 4636 177 4651 ι
212 4606 357 4663 attribuit.

266 4763 274 4793 ¹
313 4759 356 4813 Ex
370 4755 473 4813 codice
488 4755 607 4827 Regia.
622 4754 649 4820 r,
662 4751 694 4809 ff.
709 4716 1047 4820 anania-carras,
1061 4769 1090 4810 n.
1105 4752 1334 4809 ccccxxvu.
