3567 5409
576 339 681 398 Errsr.
702 339 859 412 3945.-28
877 342 1066 399 Novruaars
1088 340 1157 412 1553
1388 338 1442 411 743

246 491 513 578 significabitur,
528 503 568 560 vt
582 492 755 580 intelligat
770 514 934 580 quorsum
950 494 1118 563 mittenda
1139 504 1230 564 esset
1246 486 1391 582 pecunia
1413 496 1479 562 Ro·

247 628 338 673 mam
354 617 380 689 ⁶,
407 609 452 675 V.
482 610 526 679 R.
549 604 642 676 dicat
674 611 740 678 hoc
766 608 872 678 fuisse
897 608 933 677 in
960 630 1079 691 causa,
1107 610 1213 696 quod,
1236 608 1378 688 scilicet,
1398 630 1478 677 cum

247 734 342 791 esset
352 722 542 791 mittendus
556 724 740 807 Viennam,
753 746 818 795 nec
833 725 939 811 pedes
952 736 1067 812 posset
1079 724 1144 793 iter
1155 726 1326 795 conficere
1338 736 1479 813 propter

245 858 369 906 renum
392 836 407 879 ‘¹
430 836 681 923 infirmitatem,
702 840 849 907 multum
872 840 1039 926 pecuniae
1066 839 1131 908 luit
1157 840 1405 926 quaerendum,
1441 854 1476 909 et

246 952 385 1039 quidem
401 967 536 1035 mutuo,
554 966 593 1021 ut
609 976 688 1023 cum
710 956 812 1037 sotio,
835 954 894 1042 qui
921 955 996 1028 eius
1023 956 1286 1025 necessitatibus
1309 956 1475 1027 subueni-

246 1072 495 1159 ret,quomodo
507 1071 677 1141 Viennam
690 1071 899 1158 perueniret.
915 1073 1004 1139 Cum
1021 1084 1137 1141 autem
1153 1070 1211 1142 ille
1222 1082 1375 1141 nostram
1392 1094 1478 1159 pau·

246 1196 416 1271 pertatem
430 1186 575 1267 uideret,
601 1208 670 1273 qua
693 1210 764 1255 non
783 1188 1011 1271 considerata,
1038 1198 1153 1257 tamen
1169 1186 1333 1255 uiaticum
1359 1199 1479 1255 mutuo
1529 1187 1530 1190 ’

247 1302 510 1387 quaerebamus,
527 1302 614 1370 dixit
641 1324 679 1370 se
694 1314 896 1371 curaturum
912 1302 1114 1389 peccuniam
1135 1313 1173 1369 vt
1189 1301 1315 1371 nostris
1330 1302 1472 1371 credito·

246 1417 344 1483 ribus
356 1416 575 1510 satisfiepelt.
590 1418 734 1504 Reliqua
751 1418 893 1486 comitto
910 1417 1110 1505 prudentiae
1126 1414 1297 1507 vestra[e].

315 1534 420 1618 Quod
447 1532 558 1619 inquit
579 1536 624 1601 V.
647 1536 690 1603 R.
713 1532 941 1603 aedificationi
965 1554 1035 1601 non
1057 1533 1211 1601 futurum
1238 1532 1268 1601 si
1289 1532 1386 1600 filiia
1408 1532 1480 1600 suis

248 1648 450 1735 parentibus
464 1651 508 1717 ad
523 1670 605 1717 suas
625 1670 796 1737 expensas
814 1648 1019 1736 poecuniam
1040 1645 1236 1741 petieri[n]t,
1262 1650 1351 1717 forte
1374 1648 1409 1715 id
1432 1647 1480 1715 ita

248 1773 359 1844 esset,
380 1764 443 1832 sed
464 1764 605 1832 omnino
626 1776 762 1852 praeter
783 1764 963 1847 rationem,
987 1763 1093 1831 immo
1118 1774 1238 1833 contra
1266 1785 1342 1833 eam
1371 1775 1475 1833 esset.

248 1880 311 1945 Est
324 1878 417 1946 enirn
438 1878 563 1949 rationi
583 1902 704 1967 parurn
720 1901 913 1948 consonum
934 1891 972 1946 vt
987 1879 1024 1945 in
1040 1880 1187 1968 collegio
1208 1901 1397 1967 pauperum
1420 1902 1491 1953 ve·¹

247 1993 314 2062 lint
328 2005 489 2082 parentes
504 1996 549 2063 ali
564 1996 654 2063 filios
668 2018 751 2063 suos
767 2018 810 2064 ex
825 1994 1067 2080 eleemosynis,
1086 1996 1129 2062 ad
1150 2016 1340 2084 pauperum
1364 2015 1478 2075 usum,

247 2109 484 2195 potiusquam
501 2111 663 2194 diuitum,
681 2110 906 2198 applicandis.
931 2112 973 2177 Et
990 2132 1074 2179 sane
1089 2111 1191 2179 ualde
1205 2122 1479 2179 consentaneum

248 2236 341 2293 esset
356 2226 481 2293 rationi
496 2226 539 2307 si,
553 2226 707 2311 qnandiu
722 2228 874 2306 student,
888 2248 953 2295 nec
967 2226 1123 2313 religioni
1134 2226 1305 2306 seruiunt,
1321 2246 1386 2293 nec
1399 2246 1482 2312 pro-

252 2340 434 2411 fessionem
450 2340 631 2422 etnictunt,
654 2364 799 2410 suorum
819 2341 985 2429 impensis
1005 2342 1153 2431 alantur,
1177 2342 1366 2428 sicquidem
1390 2340 1478 2409 diui·

251 2466 303 2523 tes
318 2456 457 2526 fuerint.
481 2459 560 2525 Hoc
578 2457 671 2526 enim
691 2460 794 2525 modo
815 2459 875 2527 liet
896 2469 932 2524 vt
955 2480 1124 2545 pauperes
1144 2479 1213 2525 non
1234 2458 1485 2527 defraudentur-

247 2593 313 2639 sua
327 2574 569 2643 subuentione.
589 2576 689 2643 Vnde
704 2597 785 2643 cum
800 2573 955 2660 ipsismet
971 2573 1199 2643 studentibus
1213 2584 1325 2643 status
1341 2571 1481 2659 collegii

249 2701 511 2783 proponeretur,
540 2701 576 2760 et
602 2690 749 2759 liberum
768 2689 1026 2778 permitteretur
1046 2692 1102 2757 uel
1130 2702 1246 2777 petere
1267 2711 1435 2777 expensas
1461 2710 1482 2754 a

249 2802 334 2883 suis,
352 2804 408 2871 vel
422 2826 492 2872 non
509 2816 637 2893 petere,
656 2806 814 2873 nonnulli
833 2816 952 2893 petere
972 2807 1171 2888 uoluerunt,
1188 2816 1224 2873 et
1240 2807 1284 2873 ad
1299 2826 1381 2877 suos
1396 2803 1481 2871 seri·

250 2930 404 3005 pserunt.
422 2920 512 2989 Aliis
527 2932 654 3002 tamen,
673 2932 708 2990 et
725 2921 791 3003 his,
804 2922 918 3007 quoad
934 2920 1009 2991 eius
1022 2920 1095 2988 fieri
1109 2920 1245 3007 poterit,
1261 2919 1345 2987 nihil
1359 2919 1404 2987 de
1420 2941 1481 2986 ne-

162 3022 166 3027 ’
250 3034 408 3102 cessariis
422 3036 545 3106 deesse
561 3037 743 3123 patiemur.
760 3037 804 3104 V.
824 3039 866 3105 R.
884 3037 1001 3118 etiam,
1019 3036 1296 3123 quandoquidem
1313 3034 1482 3122 intelliget

251 3170 307 3218 res
322 3149 426 3217 huius
441 3152 592 3240 collegii,-
610 3153 725 3220 locum
742 3164 895 3221 assumat
911 3162 1118 3223 nostramet
1135 3152 1294 3239 disponat
1309 3161 1412 3239 prout
1429 3149 1481 3218 ui-

250 3267 388 3334 debitur
414 3268 588 3354 expedire.
619 3270 697 3337 Hoc
727 3278 860 3336 tantum
886 3268 978 3350 dico,
1007 3269 1103 3356 quod
1123 3266 1282 3337 existimo
1303 3279 1315 3307 ⁸
1336 3265 1483 3353 collegio

252 3384 370 3441 nostro
389 3374 507 3445 deberi
531 3376 603 3443 fere
624 3394 713 3443 2000
733 3376 953 3457 ducatorum,
977 3376 1069 3461 quod
1091 3396 1179 3443 onus
1200 3376 1293 3441 bona
1316 3395 1360 3442 ex
1388 3384 1484 3460 parte

250 3510 320 3577 ego
339 3490 507 3574 sustine0,
529 3492 585 3559 cui
606 3513 690 3559 cura
711 3493 796 3563 haec
823 3492 1029 3561 demandata
1050 3502 1114 3559 est.
1138 3492 1175 3557 ln
1197 3490 1347 3558 Domino
1370 3500 1484 3557 tamen

251 3605 458 3676 confidimus
471 3608 565 3693 quod
581 3606 655 3694 ipsa
671 3608 784 3694 operis
799 3607 929 3675 utilitas
944 3616 980 3673 et
1000 3605 1222 3693 pulchritudo
1238 3604 1398 3673 inuitabit
1422 3604 1484 3671 ali-

252 3741 352 3805 quos,
376 3732 414 3787 vt
434 3720 470 3789 in
491 3722 737 3810 temporalibus
758 3722 942 3809 collegium
964 3724 1031 3790 hoc
1053 3720 1231 3801 adiuuent,
1250 3722 1315 3788 ubi
1338 3720 1496 3803 semina·-

253 3836 341 3904 rium
356 3838 570 3923 praeclarum
586 3839 631 3905 ad
646 3837 825 3907 ecclesiam
841 3838 907 3906 Dei
931 3837 1116 3905 iuuandam
1132 3837 1334 3905 instituitur.

321 3953 427 4039 Quod
442 3953 566 4023 attinet
582 3956 626 4022 ad
640 3956 779 4023 fratrem
791 3966 948 4022 nostrum
966 3956 1142 4023 Andream
1163 3954 1279 4034 Liner,
1298 3952 1328 4021 si
1350 3950 1487 4019 uidetur

255 4068 299 4140 V.
313 4070 356 4137 R.
374 4070 536 4155 expedire
552 4080 589 4136 vt
604 4092 675 4138 non
691 4072 820 4139 uendat
836 4072 940 4151 bona,
959 4072 1020 4139 sed
1036 4072 1138 4151 locet,
1156 4070 1268 4158 ipsum
1290 4070 1485 4149 admoneam

219 4210 224 4216 ·
254 4204 318 4251 nos
333 4182 424 4251 enim
441 4205 531 4270 quae
546 4187 590 4252 ad
602 4185 876 4256 aedificationem
889 4196 972 4253 sunt
987 4186 1077 4253 etad
1090 4184 1156 4254 Dei
1168 4185 1312 4271 gloriam
1325 4182 1486 4251 maiorem

216 4299 221 4307 ’
259 4298 456 4385 quaerimus
479 4298 499 4384 ‘3
518 4302 611 4389 quod
632 4315 748 4370 autem
769 4302 843 4389 ipse
865 4300 1021 4395 donauit,
1043 4312 1166 4389 sponte
1182 4323 1257 4381 sua,
1276 4298 1412 4395 nemine
1429 4318 1489 4365 no·

313 4603 327 4634 ⁰
363 4590 546 4647 Romaemr.
583 4593 635 4647 φᾶ
655 4608 752 4648 rerum
766 4608 824 4647 ms.
866 4606 915 4635 ..e
935 4588 1162 4646 exhistimoms.
1200 4591 1248 4633 ..t
1262 4588 1414 4663 querimus
1427 4605 1486 4647 mr.
