3567 5409
504 431 609 488 Erisr.
629 428 795 502 3592.-23,
813 443 850 500 2⁴
868 441 910 486 nr
929 429 964 484 28
982 429 1065 501 Junn
1086 425 1155 497 1553
1356 437 1408 495 247

780 615 885 696 ³592

330 745 489 813 PATER
506 747 723 834 JOANNES
744 740 808 813 DE
833 744 1149 813 POLANCO-EX
1171 743 1325 811 COMM.

546 879 668 934 PATRI
691 876 912 936 levEsTRO
936 875 1118 935 LANDINO

569 1007 659 1050 noui
672 992 719 1062 23,
732 1007 769 1064 ²4
780 1007 822 1050 er
834 993 869 1049 28
880 1005 959 1060 JuLu
974 991 1043 1062 155³
1056 995 1075 1050 ¹.

205 1115 252 1171 Do
269 1119 477 1188 querimoniis
491 1119 623 1191 episcopi
638 1117 1039 1176 mariamnem-Rumam
1055 1118 1089 1172 in
1112 1117 1190 1173 Urbe
1206 1120 1313 1172 contra
1332 1115 1444 1172 Londi-

259 1224 343 1260 num
360 1207 710 1280 sparse-Commendat
727 1207 870 1281 ignotius
887 1212 921 1262 ut
940 1207 1058 1264 debitus
1073 1223 1150 1280 erga
1166 1206 1335 1277 episcopum
1353 1205 1444 1260 honor

256 1295 499 1355 hamum-tn
519 1297 601 1352 alios
618 1298 763 1353 dioecesos
784 1296 942 1352 Londinus
959 1313 1120 1352 excurrere
1132 1293 1444 1367 jubiium-Litterae
1468 1349 1469 1354 .
1552 1329 1556 1346 .

260 1384 446 1443 nrittuntur.

277 1512 355 1577 Pax
368 1510 513 1578 Christi.

274 1625 489 1694 Charissimo
507 1627 618 1695 Padre
632 1626 667 1694 in
679 1628 764 1715 Jesil
780 1624 846 1694 X.⁰

276 1743 485 1829 Monsignor
500 1744 544 1812 de
559 1742 712 1811 Mariana
728 1744 740 1775 ’
756 1745 802 1809 ha
817 1745 949 1809 hauuto
962 1742 1059 1810 auiso
1071 1742 1184 1827 questi
1196 1740 1245 1822 dl,
1261 1743 1327 1810 che
1340 1744 1382 1810 V.
1397 1743 1438 1810 R.

207 1857 420 1925 dimandaua
434 1857 459 1923 il
474 1857 613 1925 brachio
628 1859 780 1926 seculare
801 1858 834 1924 al
848 1857 967 1944 signor
984 1867 1213 1945 gouernatore
1234 1879 1294 1944 per
1317 1878 1441 1942 seque·

208 1982 321 2040 strare
340 1974 364 2038 l’
380 1973 506 2041 intrate
526 1974 581 2040 del
601 1995 666 2040 suo
687 1972 892 2054 vescouado;
916 1984 950 2041 et
973 1973 995 2038 l'
1018 1975 1063 2041 ha
1090 1975 1221 2038 hauuto
1248 1975 1354 2040 molto
1381 1993 1443 2058 per

208 2089 314 2169 male,
329 2087 508 2176 parendoli
525 2091 616 2158 fusse
633 2089 677 2156 tal
694 2110 776 2156 cosa
791 2100 911 2156 contra
923 2089 946 2154 l'
960 2091 1071 2155 honor
1082 2110 1146 2155 suo
1158 2101 1192 2156 et
1208 2111 1310 2156 sanza
1322 2110 1437 2172 causa,

209 2205 357 2272 oesendo
372 2207 438 2272 che
453 2205 502 2271 lui
518 2207 538 2273 ὁ
553 2215 676 2291 pronto
692 2225 752 2290 per
767 2226 806 2272 se
823 2226 842 2271 a
859 2204 930 2271 fare
946 2215 1076 2290 quanto
1094 2204 1112 2270 ὲ
1130 2214 1264 2284 tenuto,
1279 2217 1314 2272 et
1329 2207 1440 2273 anche

210 2321 276 2387 che
297 2321 329 2386 la
349 2320 553 2388 comissione
579 2321 634 2389 del
658 2322 763 2388 breue
790 2342 860 2388 non
880 2319 910 2386 si
931 2320 1052 2388 stende
1075 2320 1139 2388 alle
1160 2340 1240 2386 cose
1264 2321 1441 2407 temporali

210 2435 291 2502 delli
306 2436 460 2503 vescoui.
479 2438 523 2503 Et
537 2457 596 2522 per
618 2457 680 2503 sua
701 2436 889 2516 humaniti,
912 2435 1045 2504 benehi
1065 2437 1088 2502 li
1109 2435 1158 2502 sia
1179 2435 1298 2502 scritto
1320 2447 1443 2522 questo

210 2561 246 2618 et
261 2553 367 2621 molte
382 2554 467 2620 altre
482 2573 565 2620 cose
580 2553 680 2640 graui
695 2553 784 2622 delle
800 2553 873 2620 RR.
893 2553 971 2620 VV.
989 2549 1023 2617 d’
1040 2553 1125 2619 altro
1141 2553 1207 2618 che
1228 2551 1251 2618 il
1267 2527 1332 2619 suo
1349 2552 1441 2619 vica-

210 2665 275 2748 rio,
292 2689 361 2733 non
376 2668 409 2734 le
425 2669 528 2736 vuole
542 2667 779 2748 concredere,
793 2670 885 2736 etha
898 2668 1058 2734 mandato
1073 2669 1149 2734 aN.
1167 2671 1208 2735 P.
1224 2669 1324 2736 Mtro.
1338 2669 1438 2754 lgna·

210 2780 258 2848 tio
275 2783 372 2849 aecio
387 2783 539 2868 proueda
550 2785 617 2850 che
629 2785 662 2851 la
674 2785 716 2850 R.
731 2785 775 2850 V.
791 2805 859 2849 non
873 2777 1010 2870 toec[h]i
1021 2781 1137 2850 niente
1153 2783 1210 2850 nel
1225 2803 1289 2848 suo
1306 2794 1438 2869 tempo-

209 2898 289 2980 rale,
307 2897 436 2985 perche
452 2898 635 2967 altrimenti
653 2899 701 2965 lui
717 2897 919 2985 prouederrl.
962 2907 964 2912 ’

274 3015 401 3081 Nostro
423 3015 546 3094 Padre,
569 3015 726 3083 vedendo
746 3017 804 3081 ch'
826 3015 849 3080 il
871 3015 990 3094 breue,
1013 3013 1148 3080 almeno
1170 3024 1435 3101 espresamente,

209 3149 275 3195 non
292 3131 388 3216 parla
403 3129 439 3196 di
455 3130 503 3196 tal
521 3151 613 3210 cosa,
636 3130 665 3196 si
687 3129 889 3216 marauiglia
914 3129 1030 3210 molt0,
1056 3141 1090 3198 et
1111 3150 1181 3195 non
1206 3131 1274 3215 pud
1295 3131 1435 3198 credere

210 3244 256 3310 tal
268 3266 362 3326 cosa,
380 3244 617 3312 coneiosiachi
635 3247 678 3313 V.
698 3247 740 3312 R.
758 3246 802 3312 ne
819 3246 932 3314 anche
947 3245 1035 3314 delle
1052 3245 1179 3313 inculti
1200 3265 1363 3312 concesse
1380 3245 1438 3314 nel

210 3359 312 3430 breue
329 3383 401 3428 non
417 3361 566 3430 uuoleua
581 3385 693 3430 vsare.
712 3364 755 3428 Et
772 3372 996 3448 quantunque
1008 3361 1031 3426 li
1043 3360 1205 3428 cardinali
1223 3362 1310 3428 della
1329 3361 1436 3429 resor-

210 3477 356 3545 matione
372 3478 488 3544 hanno
508 3478 627 3544 uoluto
643 3480 707 3544 che
728 3477 883 3544 vsassino
904 3499 969 3563 pur
989 3478 1020 3542 le
1042 3479 1102 3544 RR
1149 3478 1226 3544 VV.
1251 3477 1362 3562 quelle
1383 3478 1435 3542 ia-

209 3592 311 3675 culi,
329 3613 400 3659 non
416 3592 445 3658 si
462 3594 655 3660 truouando
671 3603 803 3679 questa,
822 3613 890 3658 non
909 3594 997 3660 uedo
1018 3613 1117 3660 come
1139 3591 1311 3659 volessino
1332 3591 1437 3658 intro-

209 3707 355 3790 metersi,
373 3707 516 3774 masime
531 3728 598 3775 eon
614 3710 760 3794 qualche
776 3718 859 3774 nota
874 3708 918 3774 de
938 3707 1139 3793 monsignor
1154 3708 1198 3774 de
1220 3707 1384 3788 Mariana,
1404 3709 1435 3774 al

209 3823 304 3907 quale
324 3844 364 3888 so
384 3825 450 3891 che
470 3824 516 3893 V.
539 3826 577 3890 R.
598 3824 753 3892 desidera
775 3822 917 3902 seruire,
947 3834 982 3892 et
1009 3821 1090 3888 tutti
1116 3822 1186 3902 noi,
1212 3843 1232 3888 a
1257 3823 1368 3909 gloria
1392 3825 1436 3892 de

207 3937 270 4005 Dio
286 3940 331 4007 N.
349 3939 388 4007 S.
408 3939 451 4005 Et
467 3959 536 4005 non
552 3940 743 4007 solamente
758 3937 795 4005 in
810 3953 944 4024 questo,
964 3960 1018 4004 ma
1031 3939 1285 4024 generalmente
1304 3939 1338 4004 in
1352 3939 1434 4025 ogni

208 4073 283 4121 cosa
298 4056 365 4122 che
382 4050 520 4144 toeq'hli
536 4055 569 4123 al
584 4056 694 4121 honor
709 4053 743 4120 di
764 4055 860 4121 detto
876 4053 1091 4140 monsignor,
1116 4055 1218 4122 uuole
1239 4056 1283 4121 N.
1309 4058 1348 4121 P.
1369 4057 1435 4123 che

207 4169 236 4236 le
250 4171 324 4237 RR.
338 4169 416 4235 VV.
431 4167 455 4234 li
470 4181 622 4258 tengano
639 4171 742 4236 molto
754 4170 882 4256 rispeto
895 4169 938 4236 de
950 4169 995 4250 ld,
1009 4189 1107 4237 come
1125 4169 1142 4235 ὲ
1158 4168 1182 4235 il
1194 4169 1336 4249 (louere,
1351 4181 1386 4236 et
1402 4171 1436 4236 lo

206 4285 417 4365 contentino,
435 4297 471 4351 et
486 4284 522 4350 in
539 4286 585 4351 tal
600 4287 703 4351 modo
719 4283 901 4372 procurino
914 4283 1060 4350 scaricar
1073 4305 1137 4351 sua
1152 4283 1362 4352 conscientia
1379 4286 1434 4353 nel

206 4398 392 4485 spirituale,
416 4401 481 4467 che
503 4421 572 4467 non
592 4401 615 4465 li
637 4401 817 4467 offendano
837 4398 1134 4468 intromettendosi
1156 4401 1212 4466 nel
1234 4402 1431 4486 temporale.

256 4562 265 4592 ¹
305 4561 348 4616 Ex
361 4559 465 4616 codice
477 4561 596 4634 Rogant.
609 4562 635 4626 1,
650 4560 700 4620 iol.
717 4574 782 4632 109.

255 4656 267 4682 ¹
304 4649 466 4705 Bulduinus
478 4649 515 4705 de
528 4651 633 4721 Berge.
649 4650 725 4706 Vide
738 4650 893 4722 epistolam
907 4650 987 4720 3587.
