3567 5409
467 453 572 509 Errsr.
593 442 1059 521 379t.-3osrrr‘rnnms1553
1290 460 1340 531 541
1438 462 1443 474 ·

213 586 265 671 [a
280 626 415 673 summa
430 602 543 691 gratia
557 613 594 671 et
609 622 725 671 amore
740 613 861 672 eterno
878 602 922 669 de
937 599 1002 669 X.⁰
1019 602 1064 669 N.
1083 602 1121 671 S.
1143 599 1247 667 saluti
1267 610 1303 667 et
1323 598 1374 666 ui·

146 717 202 785 siti
219 720 299 787 VV.
319 719 406 789 Srie.
426 740 493 786 con
515 719 590 786 suoi
606 716 792 787 santissimi
812 717 893 786 doni
909 730 945 785 et
965 716 1075 805 gratie
1095 716 1276 804 spirituali.
1301 716 1379 784 Vna

147 830 269 904 lettera
284 836 328 904 de
344 836 423 903 VV.
441 834 531 905 Srie.
549 835 597 901 ho
614 833 769 901 riceuuto
784 832 810 914 ',
828 832 919 901 doue
931 833 1045 919 quelle
1057 832 1086 901 si
1102 831 1331 901 rimetteuano
1346 832 1380 897 al

149 948 189 1017 D.
214 952 330 1021 Olaue
351 952 377 1031 ⁸,
400 960 517 1017 nostro
546 949 692 1031 frate110,
722 959 757 1019 et
778 970 840 1037 per
859 946 1026 1017 relatione
1045 948 1080 1014 d'
1103 969 1181 1015 esso
1201 948 1248 1015 ho
1268 946 1380 1015 inteso

147 1067 280 1151 qu'anto
297 1066 492 1135 amoreuole
508 1065 729 1153 accoglianza
744 1067 777 1134 le
792 1062 880 1134 Srie.
904 1065 984 1135 VV.
1001 1062 1024 1129 1'
1038 1068 1132 1132 hano
1147 1065 1245 1147 fatto,
1264 1074 1299 1132 et
1315 1083 1380 1130 con

146 1195 276 1267 quanta
297 1181 483 1251 deuotione
504 1192 539 1250 et
558 1178 727 1249 liberalitd
753 1178 789 1247 in
812 1202 995 1249 commune
1015 1193 1051 1248 et
1072 1179 1108 1247 in
1128 1178 1332 1267 particulare
1351 1178 1381 1245 si

151 1314 235 1363 sono
262 1297 387 1367 offerte
414 1297 456 1364 de
484 1296 677 1384 prouedere
701 1297 745 1367 de
771 1296 903 1385 luogho
924 1295 1166 1376 conueniente,
1190 1306 1226 1364 et
1250 1295 1273 1359 l'
1295 1294 1382 1361 altre

151 1430 231 1481 cose
248 1410 442 1482 necessarie
458 1434 520 1499 per
535 1434 582 1478 vn
598 1410 746 1500 collegio
766 1412 810 1480 de
832 1421 950 1480 nostra
972 1410 1189 1499 Compagnia
1204 1410 1299 1479 nella
1318 1430 1382 1476 sua
1400 1407 1404 1415 '

151 1524 248 1611 cittiu
266 1529 313 1595 dil
330 1531 394 1595 che
414 1527 470 1595 noi
494 1526 575 1595 tutti
591 1527 635 1595 da
650 1547 756 1599 cuore
772 1525 994 1611 ringratiamo
1010 1528 1090 1598 VV.
1107 1524 1194 1595 Srie.
1214 1528 1259 1592 Et
1273 1536 1383 1593 certa·

156 1655 281 1726 mente,
300 1657 529 1732 quantunque
544 1642 653 1711 siamo
668 1641 782 1712 stretti
798 1642 841 1711 de
857 1653 964 1730 gente
980 1636 1041 1729 per
1062 1644 1094 1711 le
1115 1642 1269 1711 missioni
1289 1640 1384 1709 uarie

154 1756 196 1825 de
211 1760 250 1828 S.
268 1763 306 1830 S.
326 1772 360 1827 et
377 1762 400 1825 l'
419 1770 596 1846 assumpto
613 1758 755 1847 pigliato
767 1758 811 1827 de
822 1756 950 1827 diuersi
962 1758 1100 1846 collegii
1111 1757 1157 1828 de
1169 1779 1257 1845 poco
1268 1770 1384 1843 tempo

155 1871 288 1959 inqua,
308 1874 341 1943 ci
359 1874 517 1943 uediamo
534 1884 632 1941 tanto
652 1872 796 1961 obligati
816 1873 906 1943 della
926 1872 1059 1941 charita
1082 1884 1118 1943 et
1142 1872 1322 1960 benignita
1341 1872 1385 1939 de

157 1984 233 2056 VV.
264 1990 368 2073 Srie.,
398 1993 463 2059 che
486 1989 594 2057 siamo
615 1988 759 2071 risoluti,
783 1989 896 2057 siben
912 1988 1108 2076 bisognassi
1124 1988 1290 2078 spogliar’
1307 1987 1384 2055 altri

157 2102 265 2191 loghi,
285 2106 321 2174 di
337 2128 407 2174 non
424 2108 611 2176 manchare
628 2106 670 2173 de
685 2103 701 2145 Ι
716 2105 849 2175 seruire
864 2104 930 2173 alla
945 2104 1029 2173 cirta
1050 2126 1113 2172 sua
1130 2115 1261 2191 quanto
1277 2104 1310 2171 le
1327 2124 1386 2171 no·

156 2230 226 2289 stre
242 2222 366 2291 debole
384 2222 479 2289 lorze
494 2220 524 2289 si
539 2222 770 2291 estenderano
785 2244 806 2289 a
825 2220 938 2309 gloria
953 2222 997 2290 de
1016 2221 1084 2288 Dio
1100 2222 1145 2289 N.
1168 2222 1207 2291 S.
1225 2222 1269 2287 Et
1288 2240 1387 2287 come

159 2333 208 2404 sia
235 2339 439 2405 acomodato
467 2339 511 2405 de
531 2336 658 2405 stantie
674 2336 866 2405 necessarie
886 2359 949 2425 per
969 2338 1001 2406 le
1021 2338 1141 2405 schole
1160 2349 1196 2405 et
1216 2334 1386 2421 collegiati

158 2453 275 2537 quello
289 2455 396 2540 logho
412 2453 456 2521 de
471 2454 579 2523 Santa
594 2452 717 2536 Croce,
735 2452 759 2519 il
771 2455 872 2539 quale
886 2451 919 2520 ci
931 2453 1008 2521 dice
1019 2452 1042 2519 il
1055 2453 1186 2522 doctor'
1201 2452 1314 2521 Olaue
1326 2472 1387 2539 pa-

159 2586 244 2637 reua
259 2592 278 2637 a
293 2571 372 2638 VV.
392 2570 481 2640 Srie.
500 2582 536 2638 et
550 2591 571 2636 a
586 2567 635 2635 lui
648 2569 754 2637 molto
766 2590 788 2636 a
798 2568 988 2657 proposito,
1003 2568 1222 2637 mandaremo
1235 2567 1389 2654 la'gente

160 2684 223 2752 che
250 2706 310 2773 per
333 2686 401 2754 tale
423 2706 528 2775 opera
548 2684 718 2755 conuiene
739 2694 765 2765 ⁰,
787 2683 1057 2772 persuadendoci
1078 2686 1144 2751 che
1164 2685 1197 2750 la
1217 2682 1335 2751 diuina
1355 2694 1390 2753 et

160 2818 289 2870 somma
306 2802 425 2883 homi,
443 2802 501 2867 ch'
519 2804 565 2869 ha
581 2810 678 2868 tanto
693 2800 847 2888 disposto
862 2800 895 2868 le
910 2799 997 2869 Srie.
1017 2801 1111 2880 VV.,
1129 2810 1164 2867 et
1180 2821 1201 2866 a
1216 2798 1274 2866 noi
1286 2798 1389 2866 etiam

162 2912 204 2981 ha
235 2916 314 2983 dato
342 2915 490 3002 speciale
511 2914 697 2983 deuotione
718 2917 762 2982 de
782 2914 1051 3001 correspondere
1072 2936 1092 2981 a
1113 2915 1226 3000 quella
1246 2916 1289 2982 de
1310 2914 1389 2983 VV.

161 3030 262 3113 Srie,
281 3032 396 3120 voglia
413 3032 525 3117 molto,
535 3030 730 3100 seruirsene
745 3031 835 3099 della
850 3032 945 3097 detta
961 3050 1064 3117 opera
1080 3048 1146 3097 con
1163 3028 1309 3117 aggiuto
1323 3028 1392 3117 spi·

162 3144 281 3216 rituale
297 3150 342 3217 de
363 3149 468 3217 molte
489 3147 601 3215 anime
614 3152 637 3213 ⁶.
659 3149 704 3213 Et
719 3146 755 3213 in
772 3157 895 3235 questo
911 3166 1009 3214 mezo
1025 3145 1251 3215 offerendomi
1266 3144 1392 3212 humil-

167 3285 359 3301 ἱ*-

212 3355 228 3398 b
265 3353 301 3408 In
315 3352 454 3417 «almo,
468 3351 531 3407 loco
540 3352 788 3423 praecedentium
801 3350 1018 3416 noeriorum,
1030 3351 1103 3406 haec
1114 3350 1276 3417 hulmum
1287 3349 1394 3421 inogni

165 3442 247 3499 nodo
258 3440 456 3499 desideriumo
469 3449 554 3514 poter
566 3440 752 3511 compiacere
764 3440 822 3497 alle
835 3440 904 3495 VV.
921 3438 976 3497 SS.
995 3457 1013 3494 e
1029 3438 1168 3497 eiorwci
1189 3439 1230 3496 di.
1269 3454 1318 3483 -ο
1337 3440 1394 3496 Su·

162 3532 283 3599 seriora
295 3529 387 3587 verbu
400 3528 439 3584 ab
451 3530 544 3585 initio
555 3528 646 3599 tusus
656 3528 780 3601 periodi
792 3529 903 3615 desunt
912 3529 946 3585 in
957 3527 1085 3584 cruitur.»

215 3724 227 3755 ⁹
266 3718 365 3791 Epist.
380 3717 508 3783 Mixtus,
523 3716 574 3786 ΙΙΙ,
591 3716 654 3787 467.

215 3807 226 3839 Ι
263 3808 408 3865 Martinus
420 3804 555 3865 Olavius.
572 3804 718 3863 Audiatur
730 3806 915 3876 Ponticus
929 3805 1056 3872 chron„
1073 3805 1127 3877 ΙΙΙ,
1140 3818 1187 3876 22,
1204 3822 1326 3863 narrans
1341 3805 1397 3863 ari·
1479 3792 1486 3804 ’

167 3892 341 3954 minantium
360 3893 503 3965 studium,
525 3895 714 3968 gymnasium
736 3892 895 3951 Societatis
917 3894 1131 3967 exoptantium.
1152 3893 1329 3965 uOmnes...,
1347 3912 1397 3953 ue·

167 3982 240 4041 mine
253 3985 453 4057 discrepante,
467 3982 666 4043 decreverunt
679 3992 711 4039 ut
724 3986 807 4040 locus
820 3982 869 4040 ille
883 3984 913 4040 in
930 3983 1050 4055 collegii
1067 4001 1153 4040 usum
1172 3995 1333 4057 pararetur,
1346 3984 1399 4061 qui

166 4070 282 4130 Ductori
301 4071 398 4133 Olave
420 4070 503 4129 visus
525 4080 616 4143 esset,
635 4082 666 4128 et
683 4084 716 4129 ut
733 4072 840 4130 civitas
857 4082 1010 4131 teneretur
1027 4072 1184 4129 aedificare
1201 4072 1345 4147 quidquid
1362 4072 1400 4130 ad

166 4172 247 4219 urum
262 4161 423 4219 Societatis
436 4177 511 4233 opus
524 4170 605 4218 esset
619 4170 650 4217 et
662 4161 848 4219 abundanter
861 4160 960 4218 omnis
975 4162 1145 4218 necessaria
1164 4162 1355 4237 tribuere....;
1368 4170 1400 4219 et

166 4250 291 4326 quinque
304 4252 368 4307 locu
386 4250 413 4306 ei
432 4250 639 4321 ostenderunt,
657 4251 821 4325 exquibus
839 4267 916 4307 unus
935 4251 1096 4323 eligeretur
1114 4251 1164 4322 (de
1181 4253 1290 4325 quibus
1307 4254 1401 4309 verbo

167 4354 228 4399 cnm
243 4342 276 4397 P.
291 4338 408 4411 ignatio
421 4338 511 4395 Pater
524 4337 620 4398 Olave
633 4351 753 4398 aeturus
770 4350 858 4412 erat),
874 4340 1046 4415 priusquam
1063 4341 1199 4399 Arimino
1216 4340 1398 4399 recederet».

214 4434 226 4467 ⁴
262 4430 328 4486 Etsi
343 4426 471 4485 maxime
484 4438 609 4502 cuperet
627 4430 761 4502 Ignatius
779 4430 1008 4487 ariminensibus
1025 4430 1210 4503 eutichem,
1228 4448 1287 4487 non
1301 4440 1400 4489 tamen

169 4521 310 4577 seriorum
329 4518 477 4575 coloniam
497 4517 665 4577 Ariminum
683 4519 779 4593 potuit
800 4518 966 4594 deducere3
988 4521 1068 4594 quod
1088 4519 1208 4577 demum
1231 4536 1308 4579 anno
1332 4521 1402 4593 1629

168 4602 256 4750 {tutio
268 4608 464 4749 Vitellelrchio
476 4608 614 4681 contigit,
630 4617 662 4664 ut
680 4608 770 4667 relert
788 4608 958 4675 Coeum,
975 4612 1135 4667 Historiae
1154 4611 1314 4668 societatis
1325 4610 1402 4684 Jesu

191 4698 262 4771 ‚V1,
279 4696 332 4757 lib.
347 4696 374 4751 X
390 4696 429 4768 V,
443 4714 473 4752 n.
490 4708 534 4757 ιο.
