3567 5409
512 486 616 545 Erusr.
635 484 792 555 3755-16
809 485 1010 541 seorsim
1030 458 1101 553 1553
1300 560 1305 569 Ι
1332 482 1385 553 485
1491 512 1494 516 -

183 648 318 719 nostre,
334 640 367 708 le
379 638 470 725 quali
482 661 553 706 non
565 640 722 708 debiamo
734 639 998 727 stransgredire,
1011 638 1127 706 dando
1138 638 1242 706 etiam
1254 637 1428 723 essemplo

182 773 204 817 a
223 752 250 818 li
272 754 353 821 altri
373 758 439 823 che
462 754 626 825 uenirano
646 755 689 823 de
711 758 761 823 iar
780 754 804 821 il
825 754 1013 825 medesimo
1032 753 1069 822 in
1089 764 1211 840 questa
1231 764 1267 822 et
1286 752 1323 819 in
1339 752 1427 821 altre

182 889 281 938 cose.
296 871 343 936 Et
355 872 493 956 quando
505 872 591 939 altra
604 872 698 939 uolta
710 871 748 937 fu
761 881 902 939 trattata
914 882 1036 957 questa
1051 869 1209 939 matteria
1224 867 1424 949 medesima,

182 985 390 1052 trouandosi
405 985 441 1053 in
453 986 576 1073 Napoli
588 986 612 1052 il
625 988 727 1055 Mtro.
744 987 935 1070 Bobadilla,
952 984 1009 1053 sib
1023 1008 1109 1055 sono
1125 986 1244 1052 scritte
1259 986 1292 1053 le
1309 983 1425 1070 ragio-

182 1099 220 1164 ni
238 1110 266 1181 ⁸,
285 1102 379 1170 douc
394 1102 516 1170 adesso
531 1124 601 1170 non
614 1105 645 1171 le
668 1104 874 1191 replichero,
900 1101 1190 1190 persuadendomi
1205 1099 1221 1142 ‘¹
1236 1100 1340 1170 etiarn
1359 1101 1429 1170 che

182 1218 305 1300 questi
321 1216 464 1305 signori,
482 1230 579 1286 tanto
594 1219 727 1306 patroni
744 1230 779 1289 et
794 1217 1001 1287 beneiattori
1017 1217 1139 1301 nostri,
1157 1227 1379 1305 reputterano
1389 1215 1428 1283 in

183 1331 266 1399 loco
278 1333 326 1401 de
337 1336 440 1401 molte
453 1334 585 1421 regioni
595 1346 608 1375 ⁰
619 1335 644 1401 il
655 1356 726 1402 non
737 1336 976 1405 contrauenire
989 1336 1023 1401 al
1034 1335 1193 1403 instituto
1204 1347 1335 1415 nostro,
1349 1337 1427 1403 fun·

183 1449 273 1516 dato
290 1470 377 1536 pure
393 1451 483 1517 nella
503 1450 648 1537 ragione
667 1462 702 1520 et
722 1450 891 1519 desiderio
911 1452 947 1519 d’
969 1450 1189 1539 adopperarsi
1210 1450 1268 1537 piu
1289 1460 1425 1520 entere-

184 1578 309 1633 ntente
325 1566 381 1633 nel
397 1564 516 1633 diuino
533 1566 687 1633 seruitio

260 1682 365 1749 Circa
384 1681 408 1747 il
427 1696 519 1752 stare
538 1684 583 1752 de
603 1684 648 1751 V.
671 1685 715 1755 R.
736 1706 797 1771 per
817 1696 939 1768 questa
959 1683 1139 1751 inuernata
1158 1693 1194 1751 et
1217 1682 1445 1769 quaressima·

185 1794 311 1865 futura
326 1797 361 1865 in
377 1798 512 1885 Napoli,
531 1799 579 1865 N.
602 1801 659 1881 P.,
677 1800 835 1868 uedendo
850 1800 875 1864 l'
893 1799 1036 1865 uolunta
1050 1799 1086 1865 di
1106 1798 1218 1885 questi
1238 1797 1383 1884 signori,
1405 1822 1426 1866 a

184 1912 248 1978 chi
272 1912 381 1981 siamo
400 1912 584 1981 debbittori
599 1916 644 1985 de
659 1925 756 1981 tanto
772 1914 926 2002 rispetto‚
943 1936 982 1981 se
996 1936 1041 1983 ne
1056 1925 1231 1992 contenta,
1249 1913 1430 1999 pensando

162 2026 268 2096 'sera
292 2029 422 2097 seruito
441 2030 538 2097 lddio
559 2032 603 2099 N.
626 2032 680 2111 S„
701 2031 823 2118 poiche
847 2031 922 2099 cosi
945 2052 1031 2099 sono
1054 2028 1208 2116 persuasi
1232 2028 1337 2115 quelli
1360 2030 1427 2098 che

185 2154 290 2212 tanto
305 2144 508 2213 desiderano
528 2147 549 2212 l’
570 2147 679 2213 honor
700 2168 764 2213 suo
784 2146 808 2213 ⁸.
832 2145 898 2214 Del
916 2156 1021 2228 resto,
1044 2145 1100 2215 del
1122 2144 1279 2232 predicar
1300 2144 1336 2210 in
1357 2166 1428 2213 una

185 2260 309 2327 chiesa
331 2282 353 2327 o
373 2282 457 2330 uero
477 2262 513 2328 in
533 2264 632 2345 altra,
656 2263 701 2330 V.
726 2264 768 2329 R.
791 2264 917 2350 puotra
937 2264 1063 2333 uedere
1083 2262 1108 2328 l’
1128 2258 1350 2328 inclinatione
1371 2259 1428 2327 del

185 2376 345 2444 cardinal
361 2375 464 2465 c[irca
479 2375 513 2464 il]
533 2378 709 2465 predicare
723 2389 759 2445 et
775 2378 972 2463 sequitarla,
990 2399 1012 2444 o
1027 2399 1123 2457 uero,
1141 2376 1265 2444 stando
1280 2375 1316 2441 in
1332 2397 1426 2443 mez-

187 2512 231 2559 zo
253 2494 291 2561 S.
315 2492 403 2562 Sria.
426 2494 549 2575 lllma„
575 2493 683 2562 faccia
707 2505 837 2581 quanto
859 2494 882 2561 li
905 2494 1028 2581 pareri
1050 2492 1177 2581 meglio
1200 2515 1220 2560 a
1247 2490 1357 2579 gloria
1383 2491 1430 2559 de

187 2607 287 2675 iddio
304 2608 348 2676 N.
367 2610 427 2691 S.;
445 2609 502 2675 cui
518 2608 630 2697 gratia
646 2630 781 2697 sempre
796 2608 827 2676 ci
843 2610 1002 2677 conserui
1017 2620 1053 2679 et
1068 2629 1186 2676 cresce
1200 2608 1237 2674 in
1254 2606 1335 2674 tutti
1353 2606 1425 2676 noi.

259 2726 315 2792 De
330 2726 439 2791 Roma
459 2726 500 2792 16
514 2726 557 2792 de
574 2726 769 2795 settembre
790 2741 887 2811 1553.

259 2840 456 2926 Inscriptio.
476 2842 510 2909 A
525 2841 665 2927 Napoli,
683 2862 704 2907 a
721 2842 822 2909 Mtro.
841 2843 1031 2911 Salmeron.

761 3014 867 3094 3755
946 3075 949 3086 .

314 3152 456 3221 PATRI
479 3153 742 3223 ALPHONSO
766 3154 1039 3223 SALMERONI
1063 3154 1125 3221 EX
1148 3153 1303 3221 COMM.

577 3278 666 3323 none
682 3267 716 3322 16
727 3280 924 3324 snrrnnnnrs
939 3266 1008 3338 1553
1024 3272 1046 3327 ¹.

190 3364 373 3439 Superiores
386 3365 505 3421 litteras
517 3368 742 3431 commemorat,
756 3368 792 3421 de
805 3384 867 3421 non
879 3364 1089 3440 conjungendo
1101 3386 1170 3423 cum
1185 3368 1331 3424 Societaie
1344 3368 1432 3422 soda-

246 3456 316 3511 litio
326 3456 362 3511 de
370 3454 500 3527 captivis
508 3455 807 3515 redimendis-Pro
818 3454 960 3521 Fonseca,
971 3457 1036 3511 vila
1042 3456 1166 3528 functo,
1176 3458 1317 3513 caritatis
1329 3454 1434 3529 officia

244 3541 560 3615 persolventem-De
577 3542 768 3599 Solmeronis
783 3544 1080 3603 concionibus-De
1097 3546 1161 3601 loco
1169 3545 1326 3617 perusinis
1344 3548 1430 3601 soda-

247 3632 326 3687 libus
334 3632 705 3704 designato-Boou&
715 3633 848 3689 Mentem
860 3634 1035 3691 Flasconem
1045 3635 1250 3693 missus-De
1259 3634 1348 3690 sociis
1359 3652 1430 3691 nea·

245 3721 407 3795 politanas.

263 3858 337 3925 Pax
353 3856 411 3926 X}

262 3972 302 4041 L’
319 3974 405 4041 altra
419 3976 541 4042 lettera
558 3995 602 4041 ua
618 3974 813 4042 mostrabile
829 3975 855 4041 ¹.
880 3975 919 4041 In
939 3984 1062 4061 questa
1082 3972 1157 4041 diro
1177 3978 1243 4041 che
1264 3974 1299 4041 in
1323 3976 1435 4043 modo

195 4096 412 4107 “un—o·-

249 4144 264 4187 b
300 4144 329 4197 ci
347 4160 403 4201 ms.
439 4156 490 4187 -c
508 4142 629 4215 ragione
643 4161 698 4199 ms.
733 4145 785 4189 —d
803 4141 1058 4217 persuadendomi
1071 4161 1127 4199 ms.
1165 4158 1213 4187 -e
1231 4143 1352 4214 ragione
1370 4161 1427 4205 ms.

249 4297 261 4328 ⁵
298 4294 514 4367 uSuggesserat
526 4296 560 4352 P.
578 4294 698 4369 Laynez
715 4295 826 4369 aliquid
842 4294 880 4351 de
898 4293 1050 4351 evocando
1070 4295 1103 4349 P.
1121 4294 1293 4352 Salmerone
1310 4296 1430 4353 Floren-

194 4381 299 4441 tiam...
314 4390 345 4438 et
357 4381 494 4455 quamvis
507 4381 541 4441 P.
554 4382 687 4453 ignatius
700 4381 738 4438 de
750 4382 932 4439 removendo
945 4383 982 4439 P.
1000 4383 1172 4440 Salmerone
1185 4384 1381 4457 cogitaverat,
1399 4396 1437 4444 et

196 4470 225 4527 ei
236 4481 269 4527 ut
282 4471 468 4528 cardinalem
482 4471 658 4529 Peciechum
671 4471 708 4527 de
721 4489 842 4529 recessu
855 4474 1053 4545 alloqueretur
1063 4472 1241 4544 injunxerat,
1251 4476 1435 4532 sententiam

197 4562 375 4619 mutavit...»
389 4560 575 4631 Ponsucus,
590 4560 711 4629 caron„
726 4560 781 4633 111,
797 4573 857 4632 177.

255 4713 262 4746 ¹
301 4712 346 4769 Ex
358 4710 461 4769 codice
474 4713 593 4787 Regni.
608 4714 634 4778 J,
649 4713 698 4773 fol.
715 4713 760 4768 28.
927 4712 939 4748 ¹
976 4710 1053 4767 Vide
1065 4712 1221 4785 epistolam
1234 4715 1435 4787 superiorem.
