3567 5409
501 448 605 505 Ensr.
626 446 781 518 3755.-16
800 446 1000 503 Sssrsunnrs
1020 445 1090 517 1553
1293 480 1296 488 =
1320 445 1376 518 487

183 610 274 667 tutto
284 612 408 686 questo
419 621 530 670 messe
541 602 566 666 l'
579 600 793 687 aspettiamo‚
808 611 843 670 et
855 600 949 667 alora
960 599 989 667 si
1001 611 1014 641 ⁸
1026 599 1153 686 partiri
1166 620 1225 686 per
1238 598 1262 666 li
1274 599 1412 687 bisogni

180 738 251 783 con
266 718 290 783 l’
309 715 431 803 agiuto
447 717 492 785 de
506 717 588 786 Dio.
1473 695 1481 714 ⁸

249 832 366 919 Quelli
380 834 424 901 de
439 832 558 903 Sicilia
573 832 602 901 si
617 830 629 872 r
641 832 815 901 risolueno
830 833 873 899 de
895 831 1061 901 retenersi
1077 832 1229 901 Geraldo
1243 835 1267 913 ⁷,
1285 842 1322 899 et
1339 830 1413 900 cosi

186 951 217 1017 ln
232 951 274 1017 R.
292 948 337 1020 V.
353 950 478 1037 puotrs
492 959 629 1019 retener
644 970 665 1017 a
682 949 867 1019 Theodoro
883 950 909 1016 ⁸.

251 1068 285 1134 A
301 1066 480 1134 Leonardo
495 1067 507 1101 ⁹
524 1086 591 1133 con
606 1065 721 1134 Gioan
738 1064 892 1133 Antonio
911 1068 936 1101 ¹⁰
953 1075 1144 1153 aspettamo
1159 1075 1290 1151 quanto
1304 1062 1414 1152 prima

185 1182 283 1268 porri
299 1183 343 1250 V.
362 1183 408 1249 R.
429 1180 608 1263 mandarli,
626 1180 785 1249 massime
800 1203 821 1249 a
837 1179 1021 1260 Lionardn
1038 1181 1167 1267 perche
1178 1180 1308 1248 subitto
1323 1179 1415 1249 deue

186 1297 341 1383 partirse,
360 1318 458 1366 come
472 1294 523 1365 sia
541 1308 670 1366 uenuto
685 1294 787 1365 il'Dr.
806 1297 919 1365 Olaue
939 1318 1006 1364 con
1025 1296 1083 1363 doi
1106 1295 1184 1363 altri
1204 1316 1266 1383 per
1286 1298 1413 1383 Augu-

186 1410 255 1494 bio;
274 1425 307 1481 et
322 1434 423 1500 spero
439 1432 523 1499 pure
538 1415 616 1493 che,
634 1411 751 1479 auanti
766 1413 789 1479 1'
808 1412 942 1481 ariuata
955 1412 991 1480 di
1006 1422 1140 1500 questa,
1155 1434 1280 1481 sarano
1298 1410 1414 1499 partiti

184 1550 290 1597 wsanzo
305 1540 454 1616 aspettar
469 1528 575 1615 quelli
589 1530 633 1597 de
648 1528 776 1598 Sicilia.

253 1644 353 1711 Circa
365 1647 468 1713 Mtro.
482 1643 625 1713 Nioolao
640 1646 663 1679 ¹¹
676 1666 758 1731 pare
769 1668 790 1713 a
802 1646 847 1713 N.
863 1646 920 1727 Ρ.,
934 1666 974 1715 se
984 1656 999 1696 ⁸
1009 1645 1039 1712 si
1052 1656 1177 1713 rruoua
1187 1666 1249 1733 per
1260 1644 1414 1731 specien-

189 1758 236 1825 tia
251 1762 314 1829 che
329 1760 352 1826 ii
369 1758 473 1847 gioua
483 1759 544 1847 piri
560 1760 593 1827 ia
608 1759 665 1831 uia
680 1760 742 1847 piri
756 1782 890 1849 aspera,
905 1762 971 1829 che
986 1760 1015 1828 si
1027 1760 1202 1848 adopperi3
1217 1773 1252 1829 et
1264 1760 1416 1848 parendo

182 1878 253 1945 che
268 1875 317 1943 lui
336 1874 462 1943 uolessi
482 1875 652 1946 conserite
667 1878 814 1963 qualche
833 1898 898 1945 sua
917 1853 1133 1947 dirbitatione
1154 1897 1221 1943 con
1242 1876 1330 1945 altro
1349 1877 1416 1946 che

184 2010 254 2057 con
271 1994 301 2059 le
317 1993 390 2059 RR.
408 1993 503 2073 VV..
520 2012 558 2061 se
573 1991 597 2059 li
612 1996 737 2079 puotro
750 1992 803 2060 dir
819 1995 884 2062 che
901 1992 1016 2060 scriua
1031 2014 1052 2059 a
1067 1994 1113 2061 N.
1129 1996 1186 2074 Ρ.,
1200 2013 1298 2061 come
1310 2012 1416 2079 supe·

190 2104 278 2175 riore
289 2106 322 2173 di
339 2107 431 2174 tutti.
450 2109 496 2175 Et
510 2106 620 2177 siben
632 2130 670 2179 se
681 2108 705 2176 li
717 2108 928 2179 concedesse
940 2108 1089 2177 conferit
1105 2129 1171 2176 con
1183 2109 1329 2194 qualche
1345 2127 1417 2174 uno

185 2221 233 2287 de
246 2222 353 2304 irrora,
368 2244 436 2289 non
449 2222 591 2292 doueria
602 2244 696 2293 esser
708 2234 847 2311 coperto
859 2224 883 2291 ii
894 2245 997 2295 nome
1007 2225 1097 2293 nella
1106 2245 1266 2312 persona;
1280 2244 1336 2290 ma
1346 2242 1417 2292 non

190 2335 335 2425 bisogna
353 2338 470 2407 uenire
486 2360 506 2405 a
522 2350 645 2425 questo
660 2360 790 2421 mezzo,
808 2338 890 2409 sesi
907 2342 988 2426 puo.
1006 2341 1074 2409 Del
1088 2350 1182 2409 resto
1196 2338 1273 2407 dice
1292 2341 1339 2409 N.
1358 2340 1415 2419 P..

194 2451 453 2521 demandandoli
474 2452 508 2521 io
531 2454 554 2521 il
578 2454 681 2523 modo
704 2454 748 2523 de
770 2454 998 2545 gouerna[r]si
1022 2477 1088 2524 con
1110 2455 1135 2523 li
1158 2455 1230 2537 tali,
1259 2458 1325 2525 che
1350 2455 1418 2523 Dio

194 2565 215 2630 l'
233 2566 380 2657 insegni,
397 2572 462 2639 che
478 2570 577 2638 losa.
598 2572 670 2639 Pur
685 2581 807 2657 questo
821 2572 878 2639 dei
892 2572 1044 2639 scriuere
1059 2572 1092 2639 al
1107 2571 1295 2660 superiore,
1309 2593 1330 2639 e
1347 2593 1419 2639 non

192 2682 217 2749 ii
237 2697 330 2754 tener
349 2706 430 2753 cosa
450 2686 574 2753 alcuna
593 2697 744 2773 copem,
774 2684 884 2774 potria
911 2687 1106 2775 aggiutarlo
1133 2699 1169 2755 et
1190 2686 1275 2754 farlo
1294 2707 1419 2773 capase

190 2798 270 2865 delli
286 2799 361 2867 suoi
377 2799 485 2883 dubii,
503 2798 580 2867 cisi
595 2822 722 2870 muoue
737 2822 798 2889 per
814 2800 871 2869 uia
885 2801 921 2869 di
937 2800 1080 2889 ragione
1096 2824 1117 2869 o
1139 2802 1303 2871 discorso.

257 2914 332 2983 Non
350 2916 449 2998 altro,
468 2938 590 2985 senon
606 2918 672 2985 che
687 2916 810 2987 stiamo
825 2916 912 2999 sani,
931 2928 966 2986 et
981 2917 1013 2984 ci
1024 2918 1299 2986 racornandiamo
1311 2916 1417 2984 molto

191 3028 247 3097 all'
261 3031 405 3099 orationi
421 3032 510 3101 della
526 3034 565 3101 R.
585 3035 629 3102 V.

256 3149 309 3215 De
325 3149 434 3215 Roma
454 3148 494 3215 16
508 3146 553 3217 de
568 3149 763 3218 Settembre
784 3164 881 3233 1553.

257 3265 453 3349 Inscriptio.
472 3263 519 3330 Α]
534 3263 720 3333 medesimo
736 3262 850 3352 [Mtro.
869 3264 1075 3353 Saimeron].

244 3469 291 3537 ⁸‚s
324 3467 349 3521 ci
364 3483 419 3524 mr.
460 3483 509 3523 -s
528 3484 563 3523 ce
578 3485 633 3522 ms.

245 3656 255 3689 τ
292 3654 441 3710 Gerardus
455 3654 636 3727 Lapidsnur.
662 3660 669 3673 ¹

243 3745 256 3779 ⁸
291 3742 462 3800 Theodorus
477 3742 629 3800 Peltonus.

243 3834 256 3867 ⁹
292 3831 462 3889 Leonardus
477 3832 642 3889 Parmensis
656 3830 720 3887 sive
735 3830 893 3888 Musecros.

236 3924 259 3957 ¹⁰
296 3922 425 3993 Joannes
438 3920 586 3977 Antonius
599 3921 628 3977 di
642 3918 756 3976 Mauro?
768 3922 816 3976 vel
829 3921 960 3993 Joennes
975 3924 1123 3979 Antonius
1139 3921 1343 3979 bononiensis?

234 4010 256 4045 ¹¹
295 4010 433 4068 Nicoirur
447 4010 576 4083 Lietard‚
590 4011 663 4067 alian
676 4008 862 4070 Paredensis.
