3567 5409
440 400 495 455 400
820 379 1028 437 Monmnrn
1047 377 1226 435 Ionnnmn

396 530 455 606 ΓΝ.
471 538 524 617 S„
543 557 564 603 a
579 534 637 601 chi
652 532 763 620 pincia
778 554 884 600 cauar
899 532 1045 618 qualche
1060 531 1200 599 benedi
1216 542 1338 618 questa
1352 552 1416 599 sua
1427 528 1630 613 visitatione,

407 672 506 721 come
521 650 690 738 speriamo
704 651 739 716 lo
754 647 840 719 sard.
853 650 981 717 Nostro
994 648 1105 716 Padre
1118 651 1241 715 manda
1253 647 1289 714 di
1304 648 1335 715 li
1349 649 1382 715 al
1391 650 1436 716 P.
1450 650 1522 715 don
1535 650 1633 717 Fran-

407 786 509 837 cesco
525 766 671 848 Palmio,
689 776 724 833 et
744 764 792 833 lui
815 762 985 832 confetiri
1005 784 1071 831 con
1092 764 1136 831 V.
1161 766 1202 832 R.
1226 764 1342 851 quello
1361 786 1398 832 se
1417 764 1441 830 li
1462 764 1589 845 scrius,
1605 767 1633 832 al

408 886 474 954 che
489 882 535 950 mi
552 882 699 949 rimetto.

475 1002 520 1067 Et
536 1019 606 1065 non
622 998 698 1065 diro
713 998 800 1065 altro
815 1019 878 1085 per
892 1008 1029 1083 questa,
1047 1018 1085 1065 se
1100 1018 1170 1063 non
1186 998 1251 1064 che
1267 998 1313 1067 V.
1330 998 1374 1065 R.
1392 1017 1458 1064 con
1471 994 1520 1064 rui
1537 996 1636 1065 facia·
1740 1088 1741 1095 ἶ

411 1138 458 1183 no
477 1116 701 1185 liberamento
721 1126 850 1200 quanto
870 1114 893 1181 li
913 1112 1034 1203 parerd
1054 1136 1075 1181 a
1096 1112 1230 1200 magior
1250 1112 1360 1201 gloria
1380 1114 1424 1181 de
1440 1112 1522 1181 Dio.
1543 1114 1586 1179 Et
1600 1134 1635 1179 se

398 1223 455 1300 ·V.
474 1235 514 1301 R.
531 1244 586 1299 sta
601 1234 753 1299 anchora
767 1230 969 1317 indisposto,
987 1228 1068 1298 lassi
1084 1228 1146 1299 sar’
1163 1252 1184 1297 a
1199 1228 1256 1297 lui.
1370 1275 1373 1281 ·
1477 1266 1481 1274 ·
1510 1244 1515 1253 ·

476 1348 536 1419 Sia
551 1368 617 1415 con
634 1346 714 1413 tutti
728 1348 811 1435 Jesd
827 1348 895 1414 X.⁰

477 1466 532 1535 De
548 1464 656 1531 Roma
672 1464 716 1530 26
731 1464 776 1530 de
790 1464 928 1551 Agosto
949 1478 962 1530 1
968 1478 986 1547 5
991 1478 1046 1547 53.

403 1618 408 1627 =
479 1580 676 1665 Inscriptio.
695 1574 763 1647 Per
779 1577 805 1644 il
818 1576 1028 1646 comissario

975 1748 1081 1831 3692

528 1881 864 1973 consrnnrmn
888 1880 1239 1950 pnnnnvrcmne
1264 1878 1535 1973 conrnsmn

821 2036 911 2079 norm
924 2023 960 2095 ²5⁶
972 2034 1111 2081 nonusrr
1127 2020 1196 2093 ¹553
1212 2027 1233 2081 ¹.

560 2183 566 2201 2
598 2149 643 2206 Ne
656 2148 808 2221 impedire
821 2149 894 2205 velit
906 2149 1068 2221 quominus
1078 2148 1153 2205 socii
1166 2146 1290 2204 Mutina
1301 2150 1456 2205 excedant.

407 2330 411 2334 ,
480 2274 550 2344 Mia
564 2266 706 2363 signore
721 2274 778 2345 nel
792 2273 920 2362 Signor
936 2283 1066 2341 nostro.

481 2393 530 2461 La
545 2412 643 2459 suma
659 2389 771 2478 gratia
785 2400 822 2476 et
836 2410 931 2457 amor
946 2400 1065 2459 eterno
1080 2390 1123 2457 de
1139 2390 1205 2457 X.⁰
1222 2391 1267 2460 N.
1284 2389 1322 2458 S.
1340 2388 1442 2457 saluti
1458 2400 1494 2456 et
1516 2388 1634 2456 visitin

403 2504 457 2578 -V.
476 2506 565 2578 Stia.
583 2529 651 2574 con
667 2506 742 2575 suoi
759 2505 943 2574 santissimi
958 2504 1040 2573 doni
1055 2517 1091 2574 et
1107 2506 1216 2592 gratie
1231 2504 1409 2593 spirituali.

409 2658 412 2664 ·
434 2601 438 2612 ¹
480 2624 691 2693 Intendendo
707 2626 772 2690 che
787 2621 856 2690 Dio
873 2625 917 2691 Ν.
940 2624 977 2693 S.
1002 2626 1046 2690 ha
1067 2623 1203 2691 visitato
1227 2622 1307 2690 tutti
1328 2623 1352 2689 li
1372 2622 1480 2690 nostri
1501 2621 1635 2689 insieme

413 2763 480 2809 con
497 2739 657 2807 infirmiti
674 2740 861 2826 corporale,
879 2750 914 2806 et
930 2742 997 2807 che
1013 2762 1087 2807 non·
1102 2740 1291 2808 solamente
1312 2760 1384 2806 non
1403 2760 1552 2807 serueno
1569 2739 1634 2804 loro

413 2857 480 2925 alle
491 2856 578 2926 Srie.
594 2857 687 2936 VV..
701 2878 757 2921 ma
769 2856 788 2922 ὲ
801 2854 994 2923 necessario
1009 2854 1032 2921 li
1048 2854 1151 2921 diano
1167 2849 1328 2941 grodeze,
1342 2856 1388 2921 ho
1403 2854 1525 2922 scritto
1540 2854 1571 2921 al
1586 2874 1636 2921 re·
1744 2926 1745 2929 ,

413 2983 489 3039 ctor
503 2972 559 3040 del
574 2971 720 3059 collegio
735 2972 779 3040 de
795 2972 951 3057 Bologna
967 2972 979 3005 ¹
996 2973 1074 3053 che,
1092 2992 1158 3037 con
1173 2970 1350 3059 conseglio
1369 2972 1426 3039 del
1447 2970 1579 3039 medico
1593 2970 1636 3053 (se

413 3092 492 3155 sari
507 3088 626 3154 leuarli
642 3089 686 3155 de
702 3086 875 3173 Medeon),
893 3085 916 3153 li
932 3086 1001 3155 leui
1017 3108 1085 3153 con
1101 3088 1215 3153 buona
1231 3085 1368 3155 licentia
1383 3088 1428 3155 de
1443 3088 1487 3153 V.
1503 3085 1589 3155 Sria.
1606 3094 1637 3150 et

413 3202 492 3272 delli
509 3203 585 3270 altri
601 3202 731 3291 signori
747 3202 958 3272 benefactori
974 3203 1009 3267 d’
1027 3222 1104 3270 esso
1120 3201 1267 3289 collegio
1283 3204 1308 3283 ⁸,
1327 3201 1418 3270 acui
1436 3223 1556 3289 parere
1575 3215 1636 3267 non

413 3318 527 3387 vortia
542 3318 576 3385 io
596 3318 848 3399 contrauenire,
871 3317 1096 3385 desiderando
1115 3317 1331 3405 compiacerli
1351 3330 1387 3385 et
1406 3318 1540 3387 seruirli
1556 3316 1636 3383 nella

413 3478 588 3550 educendis,
601 3479 652 3553 qui
666 3480 697 3535 in
714 3453 856 3535 morbum¹
867 3496 971 3535 omnes
989 3478 1164 3549 inciderent,
1182 3480 1221 3534 ob
1238 3495 1367 3551 eaquae
1385 3478 1511 3551 exponit
1526 3478 1636 3533 Ponen-

411 3577 486 3639 ους,
507 3566 631 3634 cirron„
652 3568 704 3636 111,
727 3568 863 3638 156-158.
882 3568 951 3624 Non
972 3576 1071 3624 temen
1089 3576 1224 3644 oportere
1235 3566 1398 3639 judicatum
1412 3576 1469 3636 est,
1485 3576 1518 3623 ut
1531 3574 1547 3623 e
1559 3562 1636 3621 muti·

414 3658 499 3715 nemi
513 3659 586 3713 urbe
599 3674 703 3713 omnes
715 3657 906 3715 excederent.
922 3656 997 3713 Vide
1011 3656 1130 3713 Polenci
1143 3658 1250 3713 locum.

470 3810 479 3844 ¹
515 3812 561 3866 Ex
573 3810 676 3867 codice
689 3813 809 3885 Rogant.
824 3811 850 3881 1,
863 3810 915 3871 fol.
933 3808 1157 3880 14vs-Cartns,
1172 3829 1201 3867 n.
1216 3810 1373 3867 CCCXLI.

467 3902 480 3935 ¹
516 3900 691 3956 Franciscns
703 3900 845 3957 Peimius.
859 3900 937 3956 Vide
949 3900 1104 3974 epistolem
1116 3909 1303 3975 sequentem.

470 3992 482 4025 ¹
519 3990 617 4046 «Inter
629 3990 739 4047 amicos
751 3988 870 4067 quidem
883 4005 942 4046 non
956 3988 1053 4049 minus
1067 3990 1177 4062 pietate
1189 4008 1277 4063 quern
1296 3990 1424 4047 fortunis
1441 3990 1521 4048 inter
1536 3990 1634 4063 primos

416 4082 495 4138 viros
507 4079 659 4150 censendi,
674 4090 708 4136 ut
720 4082 850 4151 Joennes
868 4078 1086 4149 Cestelvetrus,
1106 4074 1285 4135 Benedictus
1298 4078 1504 4137 Charandinus
1522 4088 1553 4135 et
1571 4078 1635 4133 Her·

414 4174 498 4229 cotes
510 4170 649 4239 Purinus,
662 4180 693 4226 et
712 4170 789 4227 inter
808 4170 952 4227 foeminas
971 4170 1098 4227 Domine
1110 4170 1283 4228 Constnntia
1302 4170 1482 4227 Pellavicine
1500 4166 1634 4235 Corterin,

409 4278 533 4321 omnem
546 4278 629 4317 suern
643 4278 762 4333 operam
775 4260 969 4318 offerebant.»
984 4260 1168 4331 Pomone,
1182 4258 1307 4328 Chrom,
1323 4260 1361 4332 11,
1375 4259 1430 4331 453
1441 4272 1474 4317 et
1486 4274 1549 4332 454.
1564 4259 1635 4315 mec

415 4364 489 4405 vero
500 4359 641 4421 metrone,
657 4348 776 4419 collegii
788 4348 909 4419 fautrix,
923 4364 1012 4422 saepe
1025 4348 1218 4405 «Constantis
1231 4346 1635 4423 Cortesien‚21iqnnndo=C¹·

416 4440 527 4495 vnliem
539 4439 692 4495 Cortesia»
704 4440 851 4511 appellata
864 4447 921 4511 θεῖς
935 4456 1011 4511 quae
1028 4438 1157 4495 varietas
1175 4454 1275 4495 ensem
1294 4438 1412 4495 emendi
1429 4450 1634 4511 nonnumquam

416 4528 563 4600 praebuit,
579 4537 610 4583 et
622 4546 660 4584 ex
673 4545 732 4584 une
743 4528 907 4602 eademque
919 4526 992 4583 dues
1006 4526 1129 4583 feminas
1143 4526 1224 4587 fecit.
1240 4522 1284 4583 De
1297 4544 1333 4585 ee
1351 4540 1450 4585 eutem
1470 4530 1634 4585 mentionem

406 4613 528 4674 ‚ficiunt
540 4616 724 4685 Poinncns,
739 4615 863 4684 chron„
878 4616 934 4689 111,
950 4628 1011 4687 1553
1026 4616 1136 4691 1V‚97;
1152 4616 1248 4689 Epist.
1264 4616 1389 4686 Motae,
1404 4618 1441 4689 V,
1455 4630 1519 4689 521·
