3567 5409
443 416 497 471 διο
825 414 1031 474 Monuumrri
1051 416 1227 470 lunanum

428 650 430 656 .
476 570 530 640 De
554 572 647 654 Mag.
675 567 829 637 Adriano
850 567 1021 653 Candido,
1046 568 1293 655 antuerpiensi,
1317 570 1385 635 boc
1406 584 1459 639 est
1480 570 1563 655 quod
1575 569 1617 637 di·

409 705 497 753 cam.
527 684 555 751 F
557 683 703 751 errariae
731 704 824 750 nunc
852 684 938 772 agit,
962 706 1032 771 quo
1051 706 1089 751 se
1109 684 1256 751 contulit
1276 684 1443 772 (Mutinae
1461 685 1546 754 euim
1563 686 1617 753 fuit

408 799 628 886 aliquamdiu)
647 800 855 869 valetudinis
870 800 995 887 gratia.
1020 800 1156 869 Patitur
1177 805 1225 888 (vt
1245 812 1431 887 antequam
1452 801 1487 868 in
1505 802 1617 869 ltaliam

410 915 552 999 veniret)
577 916 801 982 dificultatem
826 915 1073 1001 respirationis,
1099 928 1134 983 et
1157 916 1401 983 dubitabamus
1421 940 1465 983 an
1486 916 1617 985 essetiu

409 1031 552 1118 patriam
570 1030 797 1103 remittendus
812 1042 849 1097 vt
865 1031 1075 1116 aliquamdiu
1091 1032 1126 1098 in
1146 1053 1188 1099 ea
1208 1042 1374 1111 maneret,
1394 1033 1450 1101 vel
1465 1032 1497 1099 iu
1511 1031 1617 1101 vicinis

410 1146 622 1235 regionibus.
642 1148 721 1215 Ideo
739 1148 827 1215 bene
843 1159 959 1213 actum
976 1146 1097 1216 fuisset
1113 1149 1157 1213 ab
1171 1145 1247 1213 eius
1264 1159 1385 1230 matre,
1408 1148 1438 1215 si
1457 1147 1617 1235 pecuniam

411 1264 454 1332 ad
470 1263 535 1330 iter
551 1264 606 1329 vel
623 1264 665 1329 ad
682 1262 893 1331 curationem
912 1261 1072 1343 misisset3
1091 1260 1249 1349 quamuis
1264 1262 1357 1329 enim
1373 1263 1492 1333 deesse
1504 1263 1535 1331 ei
1546 1262 1617 1331 nihil

413 1378 599 1465 patiemur,
628 1378 771 1463 aequius
798 1390 851 1445 est
878 1387 916 1443 vt
946 1378 1011 1463 ipsi
1041 1379 1085 1444 de
1112 1377 1258 1464 propriis
1285 1377 1385 1448 bonis
1412 1378 1618 1447 subueniatur

411 1494 699 1582 (quandoquidem
714 1494 816 1559 habet
829 1514 868 1561 ea
880 1494 1028 1561 necdum
1041 1494 1239 1580 professus),
1253 1516 1357 1579 quam
1377 1504 1415 1560 ut
1427 1504 1537 1561 nostra
1547 1516 1617 1581 pau·

410 1620 525 1696 pertas
542 1620 758 1695 grauaretur.
776 1610 852 1695 lpse
868 1610 958 1677 forte
974 1607 1041 1675 iam
1062 1608 1209 1695 scripsit;
1232 1610 1294 1676 sed
1314 1632 1359 1677 an
1379 1610 1492 1679 littere
1509 1630 1616 1695 perue-

410 1724 524 1793 nerint
541 1725 584 1791 ad
601 1736 756 1803 matrem,
776 1722 911 1811 ignoro.
930 1725 991 1791 Est
1008 1724 1109 1793 ualde
1125 1726 1237 1791 bonus
1252 1724 1395 1809 juuenis
1414 1734 1450 1794 et
1470 1726 1555 1793 nulla
1574 1746 1617 1791 ra·

412 1824 504 1913 tione'
520 1840 552 1907 ei
568 1842 709 1909 deberet
725 1839 910 1925 quicquam
926 1840 1048 1908 deesse
1063 1840 1106 1906 de
1121 1839 1187 1919 his,
1206 1860 1296 1925 quae
1316 1843 1360 1909 ad
1382 1842 1536 1909 tuendam
1554 1839 1617 1908 eius

411 1956 642 2026 valetudinem
666 1954 808 2023 faciunt.
827 1956 996 2024 Sacerdos
1016 1966 1069 2023 est
1084 1966 1118 2023 et
1135 1956 1179 2021 ad
1194 1955 1463 2041 predicationem
1478 1957 1615 2033 idoneus,

410 2074 472 2139 sed
488 2074 639 2139 nondum
657 2070 805 2139 absoluit
823 2069 1017 2157 theologiae
1033 2070 1158 2139 studia.
1177 2070 1214 2141 Si
1231 2070 1306 2139 eius
1326 2083 1434 2139 mater
1454 2070 1614 2159 pecuniam

411 2188 504 2254 uolet
521 2185 750 2254 transmittere
766 2197 779 2225 θ
795 2187 838 2252 ad
855 2208 947 2267 eum,
963 2207 1023 2273 per
1034 2188 1208 2253 banchum
1220 2187 1333 2255 mittat
1345 2190 1389 2255 ad
1401 2210 1464 2255 nos
1476 2190 1612 2265 Romam,

408 2314 444 2371 et
461 2302 509 2369 sic
525 2303 569 2369 ad
586 2323 664 2370 eum
682 2296 898 2392 peruenilelt.

477 2420 570 2503 Mag.
591 2418 787 2485 Euerardus
805 2416 1043 2491 Marcurianus
1060 2417 1193 2485 Perusii
1204 2419 1420 2504 praepositus
1431 2418 1614 2505 estcollegii

410 2523 533 2591 nostri.
544 2526 604 2591 Est
613 2524 664 2589 vir
676 2524 812 2605 doctus,
827 2522 919 2610 pius,
934 2523 1265 2610 pruden8‚strenuus
1278 2536 1312 2593 et
1324 2527 1368 2593 ad
1381 2548 1507 2615 magna
1516 2536 1613 2612 aptus.

409 2642 560 2708 Laborat
576 2639 717 2727 egregie
734 2639 769 2705 in
786 2638 887 2707 vinea
901 2637 1080 2720 ‘Domini
1097 2638 1255 2724 quamuis
1268 2642 1492 2708 concionandi
1504 2643 1612 2743 donum

409 2755 447 2821 in
464 2756 519 2823 his
536 2754 736 2841 regionibus
753 2754 830 2841 (sibi
851 2755 983 2840 saltem)
1004 2776 1074 2821 non
1097 2754 1255 2822 uideatur
1275 2758 1413 2824 habere.
1438 2757 1612 2845 Scripturas

410 2882 525 2939 tamen
542 2870 797 2955 interpretatur,
821 2880 856 2938 et
876 2869 1151 2938 confessionibus
1172 2883 1287 2951 uacat,
1310 2882 1346 2939 et
1367 2872 1540 2959 colloquiis
1556 2871 1616 2959 pri-

411 2987 500 3069 uatis
516 2986 701 3073 plurimum
728 2985 900 3072 promouit
922 2984 1055 3053 Perusii
1075 2985 1111 3051 in
1132 2985 1254 3053 animis
1273 2987 1449 3055 hominum
1470 2990 1512 3055 ad
1530 2985 1613 3056 Chri·

409 3113 501 3170 stum
532 3101 720 3167 trahendis.
751 3100 950 3170 Scribemus
975 3100 1020 3168 ad
1043 3122 1122 3168 eum
1144 3122 1231 3196 quae
1247 3103 1291 3171 de
1308 3103 1412 3173 fratre
1427 3104 1500 3173 eius
1516 3102 1615 3171 scribit

410 3220 447 3286 V.
468 3220 508 3287 R.

475 3336 529 3401 De
545 3331 723 3401 beneficiis
745 3330 874 3399 domini
897 3331 1048 3401 Cornelii
1072 3331 1257 3403 Vishavaei
1277 3324 1292 3384 '⁸
1310 3334 1384 3421 ipse
1401 3333 1614 3423 respondebit.

479 3449 626 3519 Litteras
644 3446 700 3515 hic
717 3445 816 3513 mitto
832 3446 1058 3535 quorumdam
1075 3448 1230 3517 fratrum.
1249 3450 1294 3519 V.
1313 3452 1353 3518 R.
1373 3472 1434 3521 eas
1454 3450 1616 3519 mittendas

375 3652 379 3657 Ι
409 3576 521 3645 curet;
540 3575 574 3633 et
591 3564 620 3629 si
636 3575 796 3650 parentes
811 3584 929 3631 eorum
948 3561 1130 3649 quicquam
1145 3562 1333 3633 litterarum
1345 3567 1402 3635 vel
1413 3565 1569 3654 pecuniae
1579 3564 1614 3629 ad

363 3678 367 3685 ’
408 3680 502 3768 ipsos
517 3678 713 3767 dederi[n]t,
732 3679 774 3747 ad
791 3700 854 3746 nos
871 3678 998 3747 mittat.

474 3796 594 3863 Visum
619 3806 671 3863 est
690 3796 730 3861 P.
755 3792 927 3879 Quintino
947 3796 959 3828 ⁸
981 3804 1016 3861 et
1037 3794 1124 3877 aliis,
1146 3794 1205 3881 qui
1229 3797 1346 3865 vident
1366 3789 1544 3887 collegium
1563 3816 1616 3862 no·

405 3924 528 3992 strum,
548 3910 606 3977 vbi
624 3922 691 3977 tam
709 3908 808 3975 multi
825 3919 859 3977 et
876 3922 945 3977 tam
962 3908 1117 3996 insignes
1128 3923 1210 3980 sunt
1221 3911 1377 3995 iuueneS,
1391 3908 1616 3983 debitismari-

405 4027 470 4095 mis
491 4038 683 4108 oneratum,
706 4024 868 4113 expedire
890 4037 928 4090 vt
948 4026 1085 4111 quidam
1107 4028 1240 4108 fratres,
1263 4028 1322 4115 qui
1341 4042 1469 4116 sponte
1489 4052 1547 4100 sua
1563 4046 1615 4093 vo·

406 4144 545 4209 luerunt
572 4140 722 4211 scribere
750 4143 793 4209 ad
820 4162 904 4209 suos
936 4152 973 4207 vt
1003 4143 1201 4229 aliquandiu
1228 4144 1310 4231 ipsis
1341 4146 1554 4233 prouiderent
1579 4142 1614 4209 de

406 4296 616 4305 ———-—-—-——

456 4378 468 4404 e
507 4356 718 4415 tramsmittere
732 4374 787 4413 ms.
827 4358 874 4400 -f
890 4356 1020 4413 Laborat
1033 4358 1172 4431 egregiae
1191 4360 1222 4415 iu
1240 4361 1329 4419 viena
1344 4380 1401 4419 ms.
1446 4380 1495 4419 -s
1512 4359 1614 4417 vnu-

405 4466 464 4506 uen
477 4466 532 4507 ms.

408 4571 615 4585 n———n—

459 4640 470 4673 ὓ
507 4636 652 4693 Charlart.
