3567 5409
435 438 488 507 416
815 437 1024 493 Mononrnrn
1044 436 1222 491 Ionrrrrnn

402 611 424 656 0
446 592 578 657 Padoa.
602 593 642 659 L'
661 592 737 657 altri
758 602 929 677 puotrano
950 590 1068 659 uenire
1083 589 1226 656 insieme
1244 610 1310 655 con
1332 588 1435 675 quelli
1451 588 1495 653 de
1515 587 1626 653 Vene-

403 704 462 787 tia;
485 716 520 773 et
542 730 602 793 per
622 730 712 794 aqua
736 730 816 794 pare
837 708 888 775 sia
908 708 967 794 pio
988 707 1148 793 expedito
1169 728 1284 793 passo:
1304 728 1368 792 pur
1388 717 1509 790 questa
1525 706 1625 771 none

403 822 508 908 legge
525 844 546 889 0
562 834 734 909 precepto.

469 938 502 1005 A
519 939 670 1005 Gioanni
687 938 817 1005 Antoni
835 942 846 973 ³
864 940 970 1007 renda
987 939 1097 1005 saniti
1114 939 1181 1005 Dio
1196 940 1240 1006 N.
1257 940 1296 1008 S.
1387 927 1391 931 Α

470 1053 571 1121 Circa
592 1056 704 1139 quella
726 1056 851 1143 donna,
871 1056 914 1122 V.
934 1058 975 1122 R.
1000 1055 1108 1121 faccia
1130 1057 1244 1139 quello
1259 1057 1327 1123 che
1349 1052 1371 1120 li
1393 1076 1486 1140 pare,
1508 1050 1626 1138 poiche

302 1247 305 1255 Ι
402 1190 472 1234 non
490 1169 508 1235 ὲ
525 1169 677 1255 obligato
690 1192 709 1235 a
721 1169 873 1249 sentiria,
887 1171 1116 1255 procurando,
1132 1181 1261 1253 quanto
1277 1169 1306 1235 si
1321 1158 1403 1255 p'uo,
1420 1170 1488 1236 che
1502 1166 1531 1233 si
1543 1166 1626 1233 ueda

405 1307 473 1351 non
491 1306 630 1351 mancar
646 1286 678 1351 la
694 1284 811 1366 caritiu
831 1285 932 1369 quale
947 1296 1108 1353 aumente
1125 1288 1191 1353 X.⁰
1206 1286 1288 1352 nelli
1303 1283 1399 1351 cuori
1416 1283 1536 1351 nostri.

470 1402 524 1467 De
541 1402 648 1467 Roma
665 1402 708 1467 26
724 1399 757 1465 d’
774 1402 911 1487 Agosto
932 1417 1028 1485 1553.
1120 1393 1122 1397 ’

474 1517 670 1601 Inscriptio,
688 1518 721 1582 A
738 1516 897 1596 Venetia,
915 1518 948 1583 al
964 1516 1000 1582 P.
1022 1518 1122 1584 Mtro.
1142 1516 1302 1583 Cessare.

967 1688 1073 1769 37⁰4

702 1822 843 1889 PATRI
868 1822 1054 1889 ELPIDIO
1079 1822 1341 1889 UGOLETTO

811 1976 899 2019 none
913 1964 948 2017 26
961 1975 1100 2020 rocosrr
1115 1961 1184 2033 1553
1198 1967 1218 2016 ¹.

467 2090 509 2145 De
520 2088 791 2147 sociie-Conchus
803 2094 830 2143 et
846 2086 1051 2161 Conspeanus,
1066 2088 1094 2143 si
1107 2090 1230 2160 quidem
1244 2088 1412 2145 Patavium
1424 2090 1571 2147 venerint.

718 2175 1029 2235 derivamine-Alii
1041 2176 1168 2231 Romam
1183 2177 1316 2232 venturi.

958 2304 1083 2391 Jesus..

471 2449 543 2513 Pax
560 2446 701 2513 Christi.

470 2564 537 2630 Per
564 2562 676 2647 quella
703 2560 738 2627 di
763 2563 800 2627 18
822 2561 1068 2629 intendessimo
1087 2562 1120 2627 la
1140 2560 1399 2648 indispositione
1418 2563 1463 2629 de
1482 2573 1623 2628 maestro

401 2677 540 2745 Aluizio
557 2678 582 2743 ':
601 2676 666 2743 X.⁰
682 2676 705 2742 li
722 2676 777 2742 dia
793 2677 917 2746 saniti.

468 2794 665 2879 Haueremo
678 2813 758 2859 caro
770 2803 783 2833 ²
795 2794 830 2857 d'
844 2791 1023 2862 intendere
1035 2814 1133 2861 come
1145 2793 1174 2861 si
1188 2804 1311 2859 truoua
1324 2792 1440 2863 Pietro
1452 2796 1465 2829 ⁸
1477 2793 1566 2863 nelle
1578 2792 1622 2862 le-

402 2908 519 2977 ctione
535 2910 601 2975 che
618 2910 664 2989 fa;
683 2919 717 2977 et
734 2908 900 2975 Guierico
917 2910 943 2989 ⁴,
961 2930 999 2975 se
1014 2908 1038 2973 l'
1056 2908 1126 2976 aria
1142 2911 1185 2976 de
1202 2910 1343 2991 Pedona
1357 2910 1391 2975 lo
1408 2909 1561 2996 aggiute.

468 3024 636 3092 Venendo
652 3024 695 3091 de
710 3026 738 3091 F
740 3024 858 3091 iandra
874 3035 909 3093 et
930 3024 1040 3092 Viena
1068 3028 1171 3092 Mtro.
1194 3026 1352 3092 Arnoldo
1378 3048 1399 3092 e
1421 3028 1524 3092 Mtro.
1547 3024 1619 3092 Gio.

401 3140 607 3226 Conspeano
628 3150 663 3207 et
684 3138 819 3224 qualch'
840 3139 998 3220 italiam,
1021 3140 1049 3207 si
1070 3139 1085 3181 b
1106 3139 1251 3209 fermino
1272 3140 1375 3207 insin’
1396 3163 1418 3207 a
1444 3151 1540 3207 tanto
1563 3140 1622 3205 che

303 3304 306 3311 .
402 3256 555 3321 habbino
572 3256 659 3322 altro
675 3254 784 3333 auiso3
804 3254 826 3321 li
843 3255 920 3322 altri
938 3266 1108 3340 puotrano
1127 3278 1246 3342 passer
1265 3255 1375 3322 inansi
1397 3277 1499 3325 uerso
1522 3258 1621 3322 Roma

401 3370 544 3440 insieme
572 3392 637 3438 con
666 3371 768 3457 quelli
798 3373 831 3439 d'
861 3371 1025 3453 Venetia,
1054 3371 1127 3439 οἱοὶ·
1156 3376 1258 3440 Mtro.
1287 3372 1369 3440 Gio.
1391 3373 1564 3451 Ganbem,
1590 3380 1620 3435 et

402 3486 552 3554 Gioanni
565 3488 709 3574 Ignati03
728 3500 761 3555 et
780 3487 895 3554 Pietro
907 3485 1060 3554 Adriano
1074 3487 1184 3574 potria
1196 3488 1295 3555 uenir
1310 3510 1378 3554 con
1394 3488 1479 3554 loro.

469 3606 521 3669 De
538 3604 581 3669 V.
602 3604 642 3669 R.
662 3613 697 3670 et
714 3606 814 3669 Mtro.
835 3603 996 3671 Lauterio
1012 3606 1024 3638 ⁵
1041 3604 1070 3669 si
1094 3604 1214 3672 saeeua
1230 3614 1335 3671 conto
1353 3606 1418 3669 che
1436 3624 1497 3689 per
1519 3602 1541 3669 li
1556 3610 1621 3667 otto

401 3741 422 3785 o
443 3719 539 3785 dieze
561 3720 604 3785 de
626 3720 775 3786 Ottubre
799 3720 981 3788 uedessino
1001 3719 1036 3784 d’
1061 3742 1155 3787 esser
1174 3719 1210 3786 in
1232 3721 1340 3787 Roma
1360 3742 1381 3785 0
1403 3718 1543 3800 insirca;
1562 3736 1621 3803 pur

401 3836 446 3901 V.
467 3835 508 3901 R.
528 3834 617 3900 circa
635 3834 658 3899 il
674 3844 789 3920 tempo
805 3820 915 3901 ordini
928 3856 1025 3901 come
1037 3834 1061 3901 li
1073 3835 1205 3921 pareri.
1220 3834 1257 3904 Si
1270 3835 1363 3902 tenia
1374 3832 1548 3921 rispetto.a
1559 3853 1620 3898 non

455 4018 469 4045 ι
505 4020 573 4058 cara
585 4020 641 4061 ms.
681 4004 731 4047 —b
750 4002 777 4057 ci
792 4020 848 4058 ms.

455 4157 466 4188 ⁵
505 4153 561 4209 Hic
575 4154 650 4209 alius
663 4155 727 4209 sine
745 4154 835 4210 dubio
852 4163 899 4209 est
916 4172 932 4210 a
950 4157 1063 4226 Joanne
1082 4154 1214 4211 Antonio
1231 4156 1421 4226 Bononiensi,
1437 4156 1487 4229 qui
1505 4148 1618 4226 Neapoli

401 4245 585 4313 versabatur,
599 4241 637 4297 de
650 4260 708 4316 quo
721 4243 819 4315 agitur
832 4242 862 4299 in
876 4244 999 4316 epistola
1012 4242 1093 4313 3705.

457 4400 465 4429 ¹
505 4396 548 4449 Ex
561 4394 662 4449 codice
677 4395 793 4467 Regest.
810 4395 834 4459 I,
846 4395 897 4452 fol.
914 4409 977 4465 17v.
1064 4384 1073 4397 ’
1186 4399 1199 4432 ⁸
1235 4396 1471 4469 AloisiusNapi.

456 4484 467 4515 ³
505 4484 610 4538 Petrus
624 4470 719 4539 Brito?
732 4485 796 4539 Nisi
809 4485 935 4541 fortasse
953 4485 1164 4556 intelligendus
1183 4486 1223 4541 eit
1244 4486 1352 4542 Petrus
1370 4485 1526 4559 Adrianus,
1543 4482 1616 4553 cuju·

403 4574 515 4628 mentio
529 4573 627 4627 statim
641 4574 773 4628 recurrit.

455 4664 468 4695 ⁴
505 4662 667 4717 Guerricus
681 4662 841 4720 Deodatus.
1187 4668 1199 4698 ⁵
1236 4666 1424 4722 Eleutheriou
1434 4666 1585 4721 Fontanus.
