3567 5409
478 470 581 524 Eersr.
602 466 740 538 3715.-2
760 468 960 524 Sumauems
981 464 1050 537 1553
1290 466 1340 536 43¹

168 622 290 710 signora
304 624 453 691 Fattora.
469 601 610 708 Quanto
626 623 691 690 alla
709 620 762 689 2.¹
779 631 888 709 parte,
912 644 992 689 cum
1014 610 1169 689 nostruin
1193 621 1237 687 sit
1262 624 1379 708 proui-

168 740 237 807 dere
252 741 349 835 bona,
368 761 436 805 non
454 750 587 805 tanturn
603 758 717 807 coram
736 742 822 819 Deo,
840 741 902 805 sed
917 750 952 807 et
967 739 1081 804 coram
1097 738 1257 804 omnibus
1269 736 1379 803 homi-

167 854 254 920 nibus
268 856 292 935 ⁴,
310 865 430 940 reputa
451 852 479 920 si
500 854 625 921 debbia
646 876 724 921 usar
748 855 877 941 grande
902 853 1207 939 circonspectione,
1232 854 1289 939 piu
1314 847 1379 922 che

165 968 274 1037 habbia
289 972 332 1035 V.
351 970 393 1037 R.
412 980 511 1037 usato
527 992 588 1057 per
604 948 628 1035 il
644 980 791 1057 passalo.
812 971 956 1049 Perche,
974 991 1042 1035 con
1057 970 1192 1048 effecto,
1210 970 1254 1035 de
1266 967 1380 1036 diuer-

165 1106 196 1153 se
210 1086 349 1151 bandee
368 1096 496 1153 uenuto
512 1086 568 1153 all'
586 1086 725 1153 orecbie
741 1106 804 1153 sue
819 1088 884 1153 che
900 1104 969 1151 non
986 1084 1107 1152 edifica
1124 1095 1218 1151 tanta
1230 1106 1376 1151 conuer-

164 1200 394 1295 sationaanzi
414 1200 438 1266 il
458 1200 640 1268 contrario.
664 1202 708 1267 Et
729 1221 796 1267 non
818 1202 985 1268 bastando
1007 1202 1114 1267 hauer
1136 1200 1160 1267 il
1180 1200 1377 1267 testimonio

162 1318 236 1384 della
261 1316 470 1383 conscientia
498 1317 645 1403 propria,
675 1298 766 1401 quali
795 1316 875 1383 tutti
901 1338 1062 1403 pensamo
1089 1316 1138 1381 sia
1162 1317 1267 1383 molto
1292 1338 1377 1401 pura

162 1434 256 1519 (como
271 1434 317 1499 ho
333 1433 453 1517 detto),
471 1433 490 1499 ὲ
508 1412 701 1499 necessario
718 1454 782 1499 con
796 1434 921 1500 effecto
934 1433 1028 1499 leuat
1040 1434 1072 1499 la
1083 1432 1263 1501 occasione
1276 1431 1378 1499 eliam

160 1549 237 1615 achi
254 1546 605 1615 uolessi'calunniare.
629 1548 672 1615 Et
693 1570 730 1616 se
750 1547 785 1614 in
807 1564 929 1633 questa
950 1538 1046 1633 parte
1063 1549 1151 1614 uede
1173 1549 1217 1616 N.
1244 1550 1284 1617 P.
1312 1550 1379 1615 che

161 1664 195 1731 V.
221 1665 257 1730 R.
284 1684 352 1730 non
376 1684 413 1731 se
434 1663 579 1750 aggiuta
602 1664 706 1731 molto
722 1664 766 1731 da
781 1684 876 1742 uera,
896 1684 998 1730 sanza
1014 1662 1120 1729 dubio
1135 1665 1261 1729 alcuno
1277 1665 1310 1728 lo
1326 1664 1376 1730 le·

159 1782 228 1845 uara
242 1780 285 1847 de
302 1781 457 1858 Ferrara,
475 1778 629 1865 posposli
646 1778 727 1845 tutti
744 1778 898 1865 rispecti.

213 1896 384 1979 Adunque
401 1906 451 1961 tre
468 1916 547 1963 cose
563 1897 652 1963 (leue
668 1916 845 1963 osseruare
858 1896 902 1963 V.
919 1896 959 1961 R.
975 1894 1010 1960 in
1023 1905 1145 1980 questa
1157 1906 1264 1980 parte:
1282 1896 1376 1974 Una,

156 2012 210 2076 che
223 2012 306 2078 uada
322 2012 355 2076 al
370 2010 429 2097 piu
445 2010 512 2077 due
529 2012 621 2076 uolte
637 2011 669 2077 la
686 2009 866 2077 settimana
882 2009 918 2075 in
934 2031 1014 2076 casa
1029 2011 1071 2076 de
1088 2011 1200 2095 quella
1217 2010 1375 2092 signora,

156 2126 289 2194 comesu
305 2125 438 2191 scritto.
454 2126 503 2193 La
521 2126 586 2205 Η,
605 2128 670 2191 che
687 2125 714 2191 si
732 2124 833 2193 sforzi
850 2124 992 2211 spicarsi
1009 2137 1138 2210 quanto
1153 2123 1182 2191 si
1200 2128 1268 2211 pub
1284 2126 1374 2193 della

155 2240 406 2307 conuersatione
428 2240 536 2321 detta,
559 2240 873 2308 subintroducendo
895 2240 918 2305 il
936 2240 975 2305 P.
995 2222 1296 2328 Miro.'Phi1ip0⁸‚
1315 2263 1372 2307 ac-

154 2354 202 2421 cii>
214 2358 244 2421 la
259 2368 357 2425 senta
373 2356 407 2421 in
424 2338 639 2426 confossione
656 2358 803 2442 qualche
820 2358 925 2436 uolta,
943 2367 977 2423 et
993 2357 1153 2423 conuersi
1171 2377 1235 2422 con
1257 2356 1313 2436 lei,
1337 2357 1374 2425 in

155 2472 246 2537 modo
269 2473 334 2540 che
358 2472 387 2537 si
411 2472 478 2539 leui
503 2475 551 2559 (se
567 2475 596 2538 c'
615 2472 644 2558 ὲ)
663 2473 808 2557 qualche
824 2471 1005 2539 affectione
1021 2494 1067 2538 no
1077 2466 1250 2552 ordinata,
1269 2472 1372 2539 etiam

154 2584 327 2673 spirituale,
342 2608 444 2654 uerso
456 2589 488 2655 la
501 2610 645 2675 persona
657 2586 690 2654 di
705 2590 747 2655 V.
768 2590 809 2657 R.
829 2588 878 2655 La
896 2590 948 2672 3.⁸
964 2590 996 2667 ἐ,
1015 2590 1080 2655 che
1096 2610 1175 2673 may
1192 2610 1253 2673 per
1269 2600 1375 2654 conto

154 2702 190 2766 nie
211 2702 387 2769 occasione
408 2703 530 2771 alcuna
551 2704 639 2771 vada
659 2705 698 2772 V.
727 2704 767 2771 R.
793 2704 867 2769 solo
891 2724 911 2770 a
935 2724 997 2768 sua
1020 2724 1111 2783 casa,
1138 2703 1213 2769 anzi
1238 2725 1373 2789 sempre

154 2818 268 2883 habbia
283 2840 328 2883 vn
345 2838 549 2905 compagnO,
568 2840 666 2887 come
682 2820 714 2885 la
731 2841 856 2885 vsanza
871 2820 961 2885 della
977 2818 1191 2903 Compagnia
1213 2820 1245 2884 lo
1266 2818 1370 2885 ricer-

153 2952 199 3011 ca,
216 2933 322 3001 chesi
343 2954 491 3019 possano
508 2956 641 3021 sempre
663 2936 766 3003 veder
783 2936 804 3001 l'
824 2955 893 3000 uno
918 2935 973 2999 all’
999 2935 1099 3003 altro,
1127 2936 1170 2999 Et
1193 2934 1227 2999 di
1252 2947 1376 3019 queste

153 3068 223 3114 cose
244 3050 284 3117 V.
302 3050 342 3116 R.
362 3072 429 3115 non
446 3049 522 3116 dica
539 3050 654 3119 niente
671 3052 735 3117 alla
752 3050 890 3137 signora
907 3051 1063 3128 Factora,
1082 3049 1157 3116 anzi
1175 3050 1226 3115 vsi
1242 3052 1274 3116 la
1291 3072 1372 3136 pru·

153 3164 251 3231 denza
263 3168 326 3233 che
340 3165 405 3232 Dio
418 3166 462 3243 N.
482 3166 519 3234 S.
538 3165 561 3231 li
578 3166 658 3232 daria
677 3166 709 3231 in
728 3164 910 3253 aggiutare
926 3176 1023 3231 tanto
1039 3166 1128 3231 bona
1146 3164 1376 3232 mente'como

152 3277 264 3361 lasea,
282 3294 316 3347 et
332 3281 507 3348 tratenirla
524 3282 613 3349 nella
626 3280 867 3349 beneuolentia
878 3279 1127 3348 charitateuole
1141 3303 1240 3347 verso
1253 3280 1286 3346 di
1301 3280 1371 3364 noi,

152 3393 314 3462 laseiando
330 3396 353 3461 l'
372 3395 547 3464 auerrione
563 3418 608 3462 no
624 3396 791 3463 ordinata.
813 3397 856 3463 Et
872 3394 906 3461 di
927 3406 1058 3491 questa
1070 3395 1210 3463 materia
1232 3416 1300 3463 non
1321 3396 1372 3461 al-

154 3519 210 3589 tro,
228 3532 263 3577 se
279 3532 348 3579 non
366 3513 432 3579 che
445 3510 523 3593 Dio,
538 3512 696 3598 sapienza
714 3512 858 3591 infinita,
871 3509 904 3577 ci
920 3511 1054 3597 insegni
1068 3532 1202 3597 sempre
1218 3532 1280 3579 sua
1295 3534 1376 3579 sans
1463 3552 1466 3556 -

152 3622 269 3693 lissima
284 3626 428 3694 volunta
444 3626 478 3693 in
496 3639 625 3713 quanto
643 3626 875 3712 pretendiamo
891 3647 952 3713 per
968 3648 1032 3692 suo
1049 3626 1192 3694 seruitio
1208 3629 1233 3692 ⁸.

208 3743 271 3811 Del
287 3743 435 3812 inuitare
450 3743 473 3809 li
491 3742 584 3829 padri
601 3743 679 3808 delli
696 3741 842 3809 scholari
859 3764 881 3809 o
893 3740 969 3807 altri
983 3742 1047 3810 alle
1060 3740 1206 3807 orationi
1219 3752 1253 3809 et
1267 3741 1373 3824 aversi,

154 3855 191 3921 V.
209 3858 250 3927 R.
267 3859 300 3924 lo
316 3859 424 3925 faccia
439 3878 537 3925 come
553 3858 576 3923 li
594 3862 722 3943 patera:
741 3857 775 3924 di
791 3880 859 3943 qua
876 3879 956 3943 pare
972 3858 1074 3925 bene.

213 3972 262 4041 De
278 3972 417 4041 Valerio
435 3976 445 4008 ²
462 3994 570 4060 penso
587 3972 616 4039 si
637 3976 769 4039 mulera
789 3972 824 4038 di
848 3974 875 4039 F
877 3993 1002 4053 errara3
1021 3983 1055 4039 et
1072 3993 1169 4039 come
1186 3969 1214 4037 si
1239 3971 1368 4059 uoglia,

155 4085 192 4151 V.
210 4090 246 4155 R.
264 4088 457 4157 conferisca
473 4090 526 4155 col
547 4090 656 4156 Padre
671 4086 905 4155 commissario
920 4088 986 4155 che
1002 4086 1126 4156 debbia
1143 4089 1225 4155 lare.

155 4242 354 4258 -ῂ-

201 4330 212 4363 ⁴
247 4330 273 4385 11
286 4344 331 4386 ar>
345 4329 530 4401 coa.,vrr1,
544 4342 589 4388 21.

198 4418 209 4451 ³
243 4420 396 4492 Philippus
410 4420 555 4476 Leernus.
575 4418 650 4473 Vide
664 4418 819 4491 epistolam
835 4426 1019 4491 sequentem.

198 4506 209 4541 ⁸
242 4510 286 4564 De
299 4511 355 4565 hac
367 4525 400 4564 re
410 4509 548 4565 'videatur
563 4508 745 4580 PoeauchS,
763 4506 885 4573 Chron„
900 4506 954 4577 Ill,
970 4504 1188 4577 139·141,cum
1208 4505 1374 4562 annotatio*

155 4590 231 4651 uibus
243 4598 396 4671 subjectis.

199 4682 208 4715 ¹
239 4688 366 4757 Joannes
381 4686 529 4744 Valerius.
