3567 5409
558 483 662 542 111111.
682 481 938 554 3545.-10Jui11
961 480 1029 550 ¹553
1320 481 1371 551 185

246 635 460 705 intendendo
480 635 503 701 il
523 637 591 702 mal
611 635 763 723 recapito
782 638 846 702 che
866 611 958 702 hano
984 637 1117 701 hauuto
1144 635 1268 703 alcune
1288 647 1406 705 nostre

171 749 312 832 lettere,
334 773 404 818 non
425 753 613 835 mancharo
632 752 678 820 de
697 751 849 820 scriuere
867 751 905 817 in
920 761 1042 837 questa
1057 751 1090 818 la
1110 771 1208 818 suma
1228 750 1263 817 di
1284 751 1404 832 multe,

170 869 243 933 che
260 866 416 953 potriano
427 866 588 936 scriuersi
603 868 689 933 oltra
705 867 738 933 le
754 865 870 937 serite.
889 869 932 933 Et
949 868 967 934 ὲ
984 869 1048 935 che
1067 875 1156 933 tutta
1171 879 1288 932 nostra
1304 867 1408 932 Com-

173 983 304 1069 pagnia
320 983 349 1048 si
365 993 465 1051 sente
486 982 546 1072 [in]
562 981 679 1070 obligo
695 984 803 1049 molto
819 984 951 1070 grande
967 982 998 1048 al
1020 980 1161 1050 seruitio
1184 991 1350 1070 perpetuo
1374 981 1408 1048 di

172 1095 222 1166 V.
236 1098 343 1180 Stia„
360 1099 519 1165 vedendo
535 1100 569 1166 la
590 1099 721 1166 charito
740 1109 776 1164 et
796 1097 973 1165 diuotione
997 1099 1062 1166 che
1083 1099 1128 1166 V.
1152 1097 1240 1166 Sria.
1265 1099 1312 1163 ha
1332 1119 1407 1164 mo·

172 1225 289 1281 strato
306 1228 401 1281 tanto
419 1215 566 1299 grande,
585 1237 654 1282 non
670 1217 859 1284 solamente
874 1214 911 1280 in
927 1214 1080 1295 Corsica,
1099 1237 1153 1281 ma
1170 1215 1271 1282 etiam
1284 1236 1411 1301 apreso

173 1329 215 1397 S.
236 1332 277 1399 S.
294 1343 328 1398 et
349 1331 462 1416 questi
481 1329 548 1448 §ri
569 1329 657 1397 Rmi.
676 1333 721 1396 Et
742 1331 791 1418 gli
812 1351 914 1416 posso
933 1331 1007 1397 dire
1027 1333 1092 1398 che
1109 1331 1132 1396 il
1149 1329 1345 1398 testimonio
1367 1330 1412 1398 de

177 1447 224 1514 V.
245 1446 335 1516 Sria.
354 1448 372 1512 ὲ
388 1457 481 1512 stato
491 1446 598 1512 molto
610 1447 766 1525 efficace‚
784 1457 820 1513 et
831 1468 938 1532 penso
950 1446 1108 1532 diquello
1120 1445 1170 1512 sia
1181 1444 1310 1514 seruito
1323 1443 1412 1511 assai

177 1561 251 1628 Dio
269 1563 312 1628 N.
329 1563 382 1638 S„
401 1561 458 1627 cui
474 1560 579 1627 bonti
595 1560 730 1628 infinita
745 1583 813 1627 non
835 1561 957 1627 dubito
974 1559 1078 1629 habbi
1099 1583 1119 1627 a
1141 1580 1360 1628 remunerare
1381 1561 1413 1626 la

177 1678 374 1745 intentione
389 1689 487 1743 tanto
505 1688 593 1745 tetta
607 1690 642 1745 et
658 1679 733 1745 zelo
747 1677 791 1744 de
807 1679 851 1745 V.
871 1678 958 1746 Sria.
982 1696 1047 1743 con
1063 1675 1182 1763 premii
1204 1675 1372 1744 conformi
1394 1699 1413 1741 a

179 1815 247 1859 sua
264 1793 363 1860 solita
377 1791 558 1858 liberatio.

253 1909 352 1975 Circa
368 1907 391 1973 11
417 1908 607 1993 prouedere
623 1908 666 1975 de
682 1907 796 1974 alcuni
816 1907 982 1974 disordini
1002 1909 1068 1974 che
1090 1918 1232 1974 toccaua
1256 1909 1297 1973 V.
1323 1903 1411 1975 sria.

181 2025 275 2092 nella
290 2047 354 2091 sua
370 2025 491 2092 lettera
507 2024 534 2101 ³,
548 2034 584 2088 et
599 2023 689 2103 altri,
702 2022 736 2089 di
753 2023 845 2107 quali
861 2024 891 2089 ci
909 2022 1071 2089 scriuono
1086 2023 1110 2090 li
1126 2023 1233 2090 nostri
1246 2023 1271 2102 ³,
1292 2020 1350 2088 noi
1367 2023 1414 2087 fa-

183 2162 281 2208 remo
291 2142 407 2227 quello
422 2142 489 2207 che
505 2151 673 2226 potremo.
687 2144 744 2209 Ma
760 2161 829 2206 non
841 2143 987 2208 essendo
1000 2141 1056 2206 chi
1070 2139 1154 2228 pigli
1167 2140 1202 2206 in
1215 2142 1416 2228 particulare
1428 2155 1431 2169 '

181 2269 309 2342 questo
326 2268 516 2343 assumpt0,
534 2257 626 2324 achi
643 2257 694 2323 sia
709 2258 854 2324 decente
870 2256 895 2321 il
910 2256 1047 2342 gridare
1062 2269 1231 2344 oportuna
1244 2269 1278 2326 et
1294 2259 1418 2345 impor-

187 2385 404 2454 tunamente‚
419 2374 451 2439 le
464 2395 545 2440 cose
556 2395 595 2441 se
605 2374 842 2460 prouederano
854 2371 914 2458 piu
928 2374 1036 2440 tarde.
1051 2373 1147 2439 lddio
1157 2375 1202 2441 N.
1217 2373 1254 2442 S.
1271 2375 1300 2441 si
1313 2373 1417 2460 degni

184 2499 332 2558 mettere
348 2490 382 2556 la
397 2510 499 2555 mano
516 2510 592 2568 sua,
615 2499 650 2556 et
671 2507 771 2574 spero
792 2509 926 2574 sempre
949 2511 988 2556 se
1004 2489 1075 2556 fari
1095 2490 1241 2574 qualche
1265 2501 1360 2576 parte
1383 2489 1417 2554 di

184 2606 301 2688 quello
312 2603 341 2671 si
351 2602 522 2673 desidera.
536 2605 580 2671 Et
593 2606 683 2673 forse
695 2603 783 2672 saria
796 2606 864 2670 bon
878 2624 976 2670 mezo
986 2604 1149 2671 informat
1161 2605 1194 2672 la
1205 2603 1293 2673 Stia.
1307 2606 1416 2674 Illma.

186 2721 231 2786 de
246 2721 408 2800 Genoua‚
427 2719 523 2786 accio
538 2721 752 2787 caldamente
769 2719 889 2788 facessi
907 2719 1065 2786 solecitar
1081 2721 1118 2789 S.
1133 2721 1169 2789 S.
1183 2723 1248 2788 che
1260 2720 1418 2788 comandi

184 2835 242 2900 alli
259 2834 449 2902 nomissarii
466 2836 478 2868 ⁴
499 2836 566 2903 che
586 2835 686 2902 vsino
702 2835 791 2901 della
807 2855 870 2901 sua
887 2834 1075 2917 authoriti,
1093 2835 1195 2902 etiam
1213 2857 1278 2902 con
1300 2836 1349 2922 gli
1365 2835 1417 2900 vi··

184 2951 281 3033 carii3
306 2953 434 3038 perch&
457 2961 581 3036 questo
595 2971 659 3016 vso
675 2949 710 3015 di
732 2950 861 3036 parolla
876 2949 926 3036 gli
946 2951 1063 3017 hanno
1079 2951 1242 3037 alquanto
1266 2951 1419 3020 ristretto

184 3066 299 3151 questi
320 3067 388 3135 Sri.
413 3065 517 3148 Rmi.,
541 3065 701 3133 temendo
722 3066 754 3132 la
775 3085 860 3151 poca
881 3064 1051 3151 pacientia
1070 3076 1106 3132 et
1130 3087 1266 3135 tumore
1293 3087 1415 3134 conse·

184 3183 306 3268 quenti
322 3183 357 3248 di
372 3183 476 3267 quelli
494 3182 572 3260 che,
590 3203 663 3248 non
678 3180 824 3247 iacendo
840 3179 863 3245 11
884 3201 949 3247 suo
969 3180 1098 3262 debito,
1117 3203 1240 3249 manco
1262 3181 1420 3249 vorriano

187 3298 276 3383 patir
291 3299 360 3366 che
375 3297 425 3380 gli
440 3298 665 3364 ssorzzassea
686 3297 779 3364 farta.
798 3298 841 3362 Et
857 3317 894 3362 se
911 3306 1034 3380 questo
1049 3318 1118 3364 non
1139 3299 1158 3364 ἑ
1176 3296 1319 3365 timedio
1340 3319 1422 3364 con-

187 3412 366 3503 ueniente,
389 3411 503 3479 cerchi
527 3413 614 3478 altro
635 3412 667 3478 la
688 3412 770 3478 sede
791 3409 990 3497 apostolica,
1009 3415 1134 3498 perch&
1154 3413 1182 3480 si
1204 3413 1259 3482 dia
1281 3413 1422 3482 timedio

187 3529 261 3616 agli
276 3529 414 3616 bisogni
432 3528 600 3616 spirituali
617 3538 712 3596 tanto
729 3526 852 3614 grandi
869 3527 949 3595 dell'
967 3527 1064 3594 isola.

257 3647 338 3713 Non
354 3647 456 3724 altro,
473 3665 512 3713 se
523 3665 594 3712 non
609 3646 652 3711 da
669 3665 774 3711 cuore
789 3664 855 3710 con
869 3654 959 3710 tutta
975 3645 1008 3710 la
1024 3665 1103 3710 casa
1115 3644 1285 3714 offerirme
1301 3646 1334 3712 al
1350 3667 1422 3713 ser-

190 3761 275 3828 uitio
291 3761 326 3827 di
343 3762 388 3828 V.
407 3759 511 3839 Stia„
536 3770 572 3827 et
593 3780 738 3846 pregare
755 3759 850 3825 tddio
871 3761 916 3827 N.
941 3761 979 3830 S.
997 3781 1017 3828 a
1040 3759 1118 3827 tutti
1142 3761 1294 3829 conceda
1311 3762 1423 3847 gratia

188 3877 388 3944 abondante
404 3897 465 3962 per
480 3880 673 3963 cognoscet
687 3895 822 3961 sempre
834 3895 875 3941 su
888 3874 1083 3943 sontissima
1096 3875 1249 3958 uolonti,
1264 3886 1299 3945 et
1312 3878 1424 3962 quella

193 3995 458 4079 perfettamente
473 3989 650 4076 adimpire.

260 4110 314 4175 De
332 4109 440 4173 Roma
460 4125 500 4174 10
515 4105 560 4173 de
577 4103 703 4192 Luglio
723 4121 820 4190 1553.

261 4223 457 4309 Inscn'ptio.
479 4224 546 4290 Per
561 4220 584 4287 il
601 4231 810 4308 gouernator
824 4222 869 4290 de
886 4221 1026 4290 Corsica
1040 4225 1062 4288 ⁸.

247 4443 259 4474 ³
297 4434 602 4509 Episttfixtamn,
620 4446 681 4504 190.
786 4445 789 4450 ·

249 4529 261 4562 ⁸
298 4527 395 4597 Epist.
413 4523 538 4588 Mixtus,
551 4522 603 4586 111,
616 4521 680 4595 308,
695 4521 759 4592 317,
773 4520 835 4595 338,
851 4521 981 4592 341346.

249 4620 261 4653 ⁴
298 4615 357 4687 lpsi
370 4611 486 4668 scilicet
498 4612 643 4668 Silvester
656 4610 806 4668 Laudinun
823 4621 854 4667 et
868 4613 1040 4668 Emmanuel
1057 4613 1179 4675 Gomes.

248 4705 262 4740 ⁸
298 4705 425 4760 Lamnas
437 4701 538 4772 Duria,
550 4700 635 4773 cujus
649 4719 701 4775 pro
713 4700 803 4758 100111
820 4701 953 4758 Landino
971 4711 1001 4759 et
1019 4703 1131 4760 Gomes
1152 4713 1271 4761 exstant
1284 4705 1428 4779 epistotae
