3567 5409
434 462 487 533 408
813 466 1019 522 Monuuanrn
1039 466 1217 521 rasurum

402 616 545 681 comoda
561 614 735 682 ricercano
756 617 788 681 la
804 616 1030 703 Compagnia,
1052 628 1088 684 et
1111 639 1180 685 non
1204 622 1235 684 c'
1261 620 1281 687 e
1304 617 1423 705 giente
1446 638 1505 703 per
1526 620 1617 687 darii.

401 733 457 799 Ma
473 742 594 816 questo
610 731 660 797 sia
677 752 737 817 per
753 733 799 801 V.
818 733 874 813 R„
893 743 927 799 et
943 754 1013 799 non
1028 755 1089 819 per
1104 744 1271 801 mostrare
1286 756 1307 800 a
1322 732 1381 799 chi
1397 755 1467 799 non
1483 733 1511 799 si
1526 735 1617 801 editi·

399 846 498 913 cassi.
518 849 561 913 Et
578 867 647 913 non
664 849 752 914 vedo
768 848 927 935 maggior
944 870 1047 917 causa
1062 850 1105 917 de
1122 848 1317 918 trattenersi
1337 848 1373 916 in
1396 850 1541 937 Perogia
1560 852 1620 917 che

400 964 421 1027 l'
440 984 555 1031 essere
570 985 678 1049 segno
695 964 819 1030 debbia
839 965 921 1029 farsi
941 966 1073 1051 grande
1093 964 1235 1033 seruitio
1256 987 1277 1031 a
1296 966 1364 1032 Dio
1387 966 1431 1031 N.
1457 966 1495 1033 S.
1517 976 1552 1033 et
1572 964 1619 1031 di-

399 1077 589 1164 spiachiare
601 1081 631 1144 al
645 1078 816 1161 demoni0‚
831 1081 921 1145 doue
937 1102 1126 1148 occurreno
1138 1080 1224 1147 tanti
1236 1079 1396 1167 trauagli;
1410 1091 1447 1147 et
1458 1082 1619 1148 seruendo

398 1192 432 1260 di
451 1206 485 1261 et
506 1206 603 1261 notte
626 1195 690 1261 alla
710 1194 806 1277 uitta,
829 1198 873 1261 ne
895 1194 917 1261 li
939 1196 981 1261 da
1002 1198 1045 1262 da
1067 1195 1257 1283 mangiare,
1280 1196 1323 1263 ne
1343 1197 1387 1262 da
1414 1194 1552 1275 vestire,
1581 1196 1619 1262 ni

401 1330 490 1377 casa.
510 1293 539 1377 E
559 1330 642 1377 vero
662 1311 727 1377 che
747 1312 791 1376 da
812 1311 995 1378 occasione
1017 1313 1106 1378 assai
1129 1314 1173 1378 de
1200 1312 1320 1379 merito
1347 1313 1439 1379 nello
1466 1311 1621 1379 exercitio

401 1425 488 1493 della
504 1425 666 1511 pacienza
683 1428 707 1493 ⁴.
728 1427 794 1493 Dio
810 1428 860 1495 sia
880 1430 1019 1495 laudato
1034 1428 1071 1494 in
1090 1409 1173 1515 ogni
1194 1450 1286 1495 cosa.
1309 1430 1353 1495 V.
1377 1430 1420 1497 R.
1444 1430 1511 1514 pud
1533 1428 1620 1494 facil-

400 1554 513 1609 mente
529 1540 690 1629 colligere
706 1544 794 1611 delle
811 1565 891 1612 cose
907 1547 1014 1624 dette,
1032 1546 1099 1613 che
1115 1546 1157 1611 nd
1174 1545 1353 1613 Leonardo
1369 1547 1381 1579 ⁸
1398 1544 1441 1611 ne
1457 1545 1543 1611 altro
1558 1565 1620 1611 non

400 1658 560 1725 mandari
577 1660 621 1724 N.
642 1661 683 1727 P.
700 1661 845 1726 astando
861 1661 892 1727 le
909 1682 989 1727 cose
1005 1661 1059 1727 nel
1077 1683 1191 1728 essere
1207 1664 1274 1729 che
1289 1674 1400 1727 stan0.

465 1775 530 1841 Del
547 1776 597 1841 far
615 1786 709 1859 prete
727 1778 828 1843 Mtro.
843 1780 898 1865 Jo.
918 1778 1098 1859 Catalan0,
1116 1776 1173 1863 gia
1189 1778 1236 1843 ho
1252 1776 1372 1843 scritto
1387 1778 1399 1811 ⁰
1414 1778 1479 1844 che
1491 1778 1535 1843 V.
1550 1777 1620 1843 R.o

400 1886 424 1953 il
444 1889 483 1956 P.
507 1892 568 1955 Dr.
593 1891 705 1959 Olaue
726 1892 748 1955 li
769 1893 988 1974 comandin0,
1011 1915 1048 1959 se
1076 1893 1098 1957 li
1123 1892 1241 1979 pareri
1269 1891 1319 1959 sia
1342 1894 1443 1974 bene,
1469 1893 1498 1958 si
1522 1890 1620 1959 faccia

400 2015 508 2089 prete.
528 2006 613 2071 Esso
629 2008 690 2071 Dr.
710 2007 823 2075 Olane
838 2019 954 2093 presto
970 2031 1077 2094 penso
1097 2008 1173 2075 sarai
1190 2008 1224 2074 di
1242 2010 1287 2077 la.

466 2122 509 2186 V.
530 2122 570 2187 R.
590 2122 622 2187 ci
639 2122 832 2189 racomandi
850 2147 869 2189 a
886 2124 953 2190 Dio
969 2127 1012 2191 N.
1032 2125 1069 2193 S.
1088 2126 1177 2193 nelle
1193 2124 1338 2191 orationi
1353 2146 1427 2205 sue3
1446 2133 1481 2192 et
1496 2122 1547 2190 sia
1560 2143 1620 2189 con

359 2230 363 2243 '
401 2236 458 2305 noi
470 2239 554 2326 Jesu
571 2237 636 2305 X.⁰
652 2260 716 2305 con
733 2241 936 2307 abondanza
951 2242 995 2308 de
1011 2240 1085 2307 suoi
1102 2240 1182 2308 doni
1203 2240 1381 2327 spirituali.

467 2356 520 2421 De
536 2356 643 2421 Roma
661 2356 703 2421 26
719 2356 752 2420 d’
772 2357 907 2441 Agosto
925 2372 1020 2440 1553.

466 2470 661 2557 Inscriptio.
682 2472 726 2537 Al
745 2474 785 2537 Ρ.
806 2472 991 2551 Euerard0,
1011 2494 1031 2537 a
1048 2472 1234 2559 Peruggia.

964 2646 1068 2727 3698

580 2777 721 2842 parm
753 2778 970 2843 maurino
1000 2778 1182 2845 ocavto
1208 2778 1270 2843 Ex
1294 2778 1446 2845 cortu.

800 2931 889 2973 norm
909 2920 944 2972 26
962 2931 1100 2975 aucusrr
1123 2918 1191 2987 1553
1210 2920 1230 2974 ¹.

463 3041 507 3096 De
530 3042 753 3099 adolescentula
776 3046 910 3115 quadam
932 3047 966 3099 in
987 3046 1125 3100 coenobio
1143 3045 1322 3117 puellarum
1343 3044 1564 3101 miserabilium

922 3134 1109 3189 collocanda.

468 3404 540 3469 Pax
555 3400 695 3467 Christi.

468 3516 677 3584 Charissimo
694 3519 816 3583 Padre.

467 3633 591 3717 Questi
606 3632 642 3699 di
664 3633 773 3719 pasati
793 3655 905 3701 venne
926 3633 949 3699 il
973 3636 1189 3719 guardaroba
1212 3636 1266 3701 del
1292 3637 1390 3701 Rmo.
1417 3634 1566 3699 cardinal
1587 3628 1616 3695 di

401 3746 507 3815 Sama
525 3750 546 3835 ᾧ
564 3750 575 3781 ’
590 3770 610 3813 a
626 3750 736 3833 parlar
752 3772 770 3815 a
788 3751 831 3815 N.
854 3751 909 3828 Ρ.,
928 3762 962 3814 et
978 3750 1002 3814 li
1018 3754 1146 3817 mostro
1160 3772 1225 3817 vna
1242 3752 1362 3817 lettera
1379 3749 1413 3815 di
1430 3749 1474 3827 la,
1493 3750 1579 3815 douc
1592 3742 1618 3810 si

401 3864 524 3932 diceua
546 3867 611 3931 che
634 3864 656 3930 il
682 3864 833 3931 cardinal
857 3867 993 3931 haueua
1016 3865 1132 3932 leuato
1156 3887 1224 3931 vna
1248 3865 1378 3952 figliola
1402 3868 1518 3931 buona
1539 3860 1617 3930 delle

400 4002 500 4047 mane
516 3983 551 4047 d'
569 4002 637 4047 una
655 3982 770 4047 madre
792 3980 900 4062 trista,
924 3991 958 4047 et
979 3982 1002 4045 l’
1025 4003 1137 4048 aueua
1153 4003 1265 4047 messa
1285 3984 1319 4047 n’
1343 4004 1394 4047 un
1407 3976 1616 4047 monasterio.

453 4162 466 4193 ⁴
502 4160 543 4215 Ut
555 4160 627 4213 haec
642 4158 844 4228 intelligantur
853 4157 997 4229 legendus
1008 4168 1054 4213 est
1068 4158 1249 4225 POLANCUS,
1263 4159 1386 4225 Clrrou„
1398 4160 1450 4229 ΙΙΙ,
1461 4172 1559 4228 52·55‚
1571 4153 1616 4209 ubi

401 4249 545 4303 sociorum
559 4248 688 4303 conditio
703 4248 841 4303 Perusiae
855 4248 1098 4303 commorantium
1111 4258 1179 4319 apte
1192 4247 1378 4305 describitur.

454 4342 465 4371 Ι
503 4338 672 4393 Leonardus
690 4338 868 4407 Parmensis,
886 4337 949 4409 qui.
962 4346 995 4391 ut
1013 4338 1078 4391 aliis
1095 4340 1202 4409 placet,
1221 4338 1393 4394 Leonardus
1410 4339 1553 4393 Masserus
1573 4349 1615 4405 ap·

400 4430 536 4501 pellatur.

453 4519 464 4553 ⁶
502 4517 632 4573 Laudata
646 4517 732 4573 modo
745 4518 869 4589 epistola
882 4516 964 4574 3660.

455 4702 461 4733 ¹
502 4698 543 4751 Ex
557 4698 659 4752 codice
674 4698 790 4769 Regust.
809 4699 833 4762 I,
848 4698 900 4757 fol.
917 4698 973 4757 16r,
1199 4703 1211 4732 ²
1250 4698 1405 4754 Marcellus
1417 4698 1567 4755 Cerrinus.
