3567 5409
534 401 637 458 Errsr.
658 399 729 457 3312
748 415 790 457 nr
808 400 945 458 3313.-3
965 414 1005 456 er
1026 415 1060 456 ro
1079 402 1207 457 Aemus
1228 399 1297 469 1553
1475 415 1493 471 7

754 636 760 649 ‘
868 611 961 691 3312

437 740 592 809 PATER
609 743 921 811 HIERONYMUS
936 740 1142 809 NATALlS
1159 742 1222 807 EX
1238 741 1391 851 court.

588 874 707 929 parm
729 872 968 933 urenouruo
989 872 1237 933 poueuecco

696 1011 807 1073 ‚noun
824 996 842 1053 3
859 1010 981 1055 nrsms
1003 994 1072 1069 1553
1085 997 1105 1053 ¹.

546 1124 727 1178 Bernurclus
744 1128 772 1179 et
789 1122 915 1179 Gabriel
932 1124 1059 1177 Romam
1077 1123 1277 1180 advocantur.

363 1248 521 1315 Palermo
533 1248 735 1317 .¹.-Scrissi
752 1251 853 1315 Mtro.
873 1249 984 1317 Nadal
1000 1249 1012 1281 ³
1028 1246 1063 1313 di
1080 1248 1220 1315 mandar
1237 1269 1304 1332 qua
1321 1249 1496 1315 Bernardo
1513 1250 1526 1281 ⁴

290 1364 464 1447 absolute,
482 1375 517 1431 et
535 1362 695 1433 Gabriele
712 1364 794 1433 sesi
810 1375 937 1451 poteua
952 1386 1054 1433 senza
1066 1362 1277 1433 discomodo.

691 1481 852 1548 Mandate
873 1503 893 1545 a
910 1499 930 1564 3
945 1480 982 1544 d'
999 1478 1131 1565 Aprile.

867 1625 959 1704 3313

588 1758 727 1825 PATRI
749 1756 1035 1825 HIERONYMO
1057 1756 1237 1825 NATALI

714 1903 803 1947 noun
819 1902 851 1945 ro
864 1902 986 1945 Assius
1001 1889 1069 1959 1553
1084 1891 1104 1948 ¹.

364 2004 487 2060 Natalis
500 2004 671 2078 Hispaniae
683 2012 712 2061 st
728 2006 945 2079 Portugalliae
964 2007 1192 2062 commissarius
1201 2024 1269 2062 cum
1276 2006 1457 2079 plenissima

658 2131 662 2145 .
760 2099 909 2167 potestate
922 2100 1055 2155 creatur.

439 2357 445 2368 ,
873 2212 950 2333 uis

362 2407 515 2493 Ignatius
531 2408 575 2473 de
591 2408 732 2493 Loyola,
751 2406 934 2475 Societatis
946 2410 1030 2495 Jesu
1046 2410 1263 2495 praepositus
1279 2404 1463 2496 generalis.

360 2522 496 2590 Dilecto
518 2521 554 2588 in
578 2521 717 2590 Christo
742 2520 853 2610 fratri,
879 2522 1012 2589 doctori
1037 2526 1130 2610 Mag.
1156 2524 1371 2609 Hieronymo
1396 2524 1525 2605 Natali,

293 2637 462 2705 'sacerdoti
478 2638 631 2724 professo
652 2637 805 2706 eiusdem
830 2635 1024 2719 Societatis,
1043 2639 1187 2705 salutem
1209 2638 1245 2705 in
1269 2638 1416 2706 Domino
1437 2662 1525 2707 sem-

295 2754 477 2840 piternam.

339 2904 343 2916 =
366 2870 454 2935 Cum
471 2867 531 2935 diu
547 2870 760 2953 multumque
775 2868 939 2953 probatae
952 2868 1051 2936 uobis
1065 2880 1100 2935 et
1116 2881 1316 2956 perspectae
1339 2871 1429 2939 uitae
1447 2884 1526 2937 tuae

296 2985 498 3073 integritati,
517 2984 704 3067 doctrinae,
722 2995 757 3051 et
779 2984 813 3051 in
835 2986 939 3052 rebus
955 2985 1118 3072 gerendis
1134 2985 1348 3071 prudentiae,
1367 3008 1455 3072 quae
1470 2997 1522 3053 est

296 3100 331 3168 iu
349 3100 488 3169 Christo
500 3104 596 3189 Jesu,
613 3100 794 3187 plurimum
808 3101 1033 3179 confidamus,
1048 3111 1082 3168 et
1098 3101 1134 3167 in
1146 3101 1263 3188 regnis
1279 3101 1523 3187 Hispaniarum

295 3217 404 3283 multa
425 3216 493 3283 siut
519 3216 611 3284 cirea
636 3238 811 3303 personas,
830 3216 917 3302 loca,
943 3218 1080 3303 regulas
1107 3217 1324 3296 domesticas,
1343 3216 1525 3286 Societatis

297 3332 570 3413 constitutiones
590 3353 713 3418 resque
729 3332 822 3412 alias,
842 3352 930 3419 quae
946 3341 1062 3399 nostra
1074 3332 1278 3418 praesentia,
1296 3334 1349 3399 uel
1365 3332 1522 3411 alicuiuS,

293 3448 353 3534 qui
370 3460 519 3517 mentem
539 3459 688 3516 nostram
709 3448 850 3514 omnino
872 3448 1009 3515 nouerit
1030 3458 1065 3515 et
1086 3458 1202 3515 nostra
1225 3448 1429 3516 auctoritate
1445 3450 1524 3513 lun-

346 3644 353 3677 ¹
392 3644 436 3699 Ex
449 3642 550 3699 codice
565 3644 683 3717 Regest.
700 3642 789 3707 ,1,101.
805 3657 870 3712 ozv.
886 3660 964 3697 vers.
979 3640 1062 3699 21-23
1074 3642 1213 3712 (ultimo).

343 3737 355 3767 ⁹
393 3733 478 3788 Hauc
496 3733 650 3805 epistolam
664 3733 862 3804 Domenecco,
878 3741 981 3805 utpote
994 3732 1165 3804 provinciali
1180 3732 1313 3799 Siciliae,
1326 3733 1524 3790 inscribimus.

290 3822 336 3876 De
355 3822 447 3893 ipsius
465 3822 665 3895 navigatione,
682 3838 783 3877 meuse
796 3822 901 3877 Martio
917 3822 1004 3893 iacta,
1019 3822 1312 3893 egunt-POLANCUS,
1329 3822 1452 3888 Chron„
1471 3824 1526 3893 lIl,

288 3912 354 3985 2163
368 3912 466 3983 Epist.
482 3910 607 3976 Mistea
621 3912 673 3979 Ill,
689 3922 740 3981 150
753 3921 783 3965 et
797 3910 861 3966 236.
880 3910 955 3966 Vide
973 3911 1113 3983 epistolas
1126 3909 1197 3967 3268
1210 3920 1240 3966 et
1252 3910 1333 3980 3270.

344 4002 356 4033 ³
393 4000 518 4071 Natalis,
530 4002 716 4057 Domeuecco
727 3999 757 4056 iu
767 3999 898 4058 Siciliam
908 3999 1077 4070 navigante,
1087 4002 1210 4055 Romam
1218 4000 1363 4057 Panormo
1373 3999 1523 4072 protectus

293 4099 352 4160 est,
367 4100 396 4145 et
414 4090 538 4163 Neapoli
556 4090 598 4146 illi
616 4089 756 4145 occurrit:
772 4090 873 4161 paucis
892 4089 1010 4144 veroin
1028 4090 1110 4146 Urbe
1128 4088 1284 4149 transactis
1296 4088 1414 4162 diebus,
1428 4090 1458 4146 10
1472 4090 1524 4144 Hi·

288 4178 421 4251 spaniam
433 4178 581 4235 discessit.
600 4179 672 4235 Vide
685 4180 840 4250 epistolam
853 4186 1037 4251 sequentem.

344 4272 357 4303 ⁴
394 4268 559 4325 Bernardus
572 4268 734 4337 Oliverius,
746 4268 797 4342 qui
814 4285 882 4323 cum
900 4268 1088 4323 Domenecco
1106 4276 1137 4323 et
1156 4267 1245 4323 sociis
1265 4269 1295 4323 iu
1314 4267 1445 4328 Siciliam
1463 4268 1524 4324 adi·

290 4356 345 4429 vit,
359 4375 414 4413 uec
426 4356 495 4415 inde
509 4356 622 4430 stetim,
632 4356 686 4413 sed
699 4364 766 4431 post
778 4364 887 4413 aunum
901 4356 1035 4414 recessit.

345 4540 353 4572 ¹
391 4538 435 4592 Ex
448 4538 626 4610 apographo,
640 4537 670 4591 in
688 4535 790 4591 codice
805 4535 924 4591 Decret.
941 4540 970 4591 et
988 4535 1090 4602 instr„
1105 4532 1156 4591 101.
1170 4533 1239 4604 370.
1259 4534 1378 4591 Editum
1398 4534 1453 4591 luit
1467 4536 1526 4589 hoc

290 4635 511 4683 monumentum
525 4626 654 4699 inopere
669 4624 823 4698 Epistulae
838 4624 873 4681 Ρ.
886 4623 1000 4688 117οἀ01,
1015 4633 1036 4679 t.
1053 4623 1075 4694 l,
1090 4640 1174 4695 pugs.
1192 4622 1322 4694 143·145.
