3567 5409
402 422 456 488 776

403 573 561 643 Nobregae
583 573 675 629 mittit
697 574 889 647 professionis
906 574 964 631 ior·

403 663 523 730 mulam,
539 674 601 732 197;
614 662 723 721 Olavlo
735 664 841 720 suadet
854 673 887 718 nt
901 681 964 719 car·

403 750 532 807 dinalem
544 761 743 823 augustanum
753 752 790 812 ad
800 754 964 825 provehen-

403 839 474 895 dum
498 842 658 911 collegium
678 843 882 912 germanicum
907 859 964 897 mo·

405 938 482 1001 reat,
498 928 529 983 31
539 943 562 995 14
577 928 742 987 Oliverium
760 930 865 1001 gratiis
881 948 964 986 orna-

406 1028 469 1074 tum
488 1020 519 1074 16
542 1021 667 1091 patriam
692 1020 793 1088 mittit,
817 1018 881 1087 361,
900 1021 963 1091 596,

406 1120 469 1182 5974
484 1108 674 1163 Ρ611611111661
687 1108 915 1182 commonefacit
926 1109 964 1165 de

406 1197 452 1255 iis.
466 1197 586 1270 quaein
605 1198 669 1269 ipso
682 1197 868 1268 deprehensa
882 1206 963 1268 sunt,

405 1284 460 1353 436
472 1284 536 1354 431,
560 1288 674 1357 copiam
700 1288 820 1341 Pelrano
838 1286 910 1341 facit
933 1296 965 1341 ut

408 1372 573 1427 sacerdotio
584 1383 739 1445 augeatur,
752 1375 799 1444 67:
814 1375 920 1431 annuit
933 1382 965 1430 ut

407 1461 585 1533 Tarquinius
607 1464 719 1518 Romae
737 1464 844 1519 studiis
863 1482 964 1536 opere·

408 1559 467 1617 tur,
490 1564 554 1619 5055
577 1552 715 1607 eumdem
739 1554 904 1607 Valentiam
927 1572 964 1609 ex

409 1644 491 1699 Urbe
506 1645 607 1713 mittit,
628 1663 697 1700 nea
716 1646 887 1717 parentibus
907 1662 965 1701 mo·

410 1722 495 1786 1111116
505 1731 659 1804 6111616161,
672 1746 735 1802 5ο5;
748 1733 849 1789 Riolae
862 1736 966 1789 carita·

410 1829 470 1874 tem
483 1821 616 1893 exhibet,
633 1822 695 1893 5854
714 1821 903 1877 Rodericium
922 1840 954 1877 ro

410 1916 463 1974 gat
476 1917 509 1963 ut
522 1910 644 1965 Romam
655 1910 767 1978 ueniat,
780 1929 967 1984 quocumque

409 1998 528 2053 honoris
541 2009 592 2054 aut
606 2000 784 2055 valetudinis
795 2012 875 2055 metu
889 2012 966 2069 post·

409 2086 525 2157 habito,
552 2086 598 2157 73,
628 2088 754 2157 1891913
780 2088 869 2144 docet
891 2106 967 2161 quae

409 2192 480 2245 erga
501 2176 598 2247 ipsum
621 2177 796 2248 praestanda
814 2178 885 2243 sint,
907 2192 967 2247 125,

410 2261 473 2330 23³,
490 2264 554 2333 3864
573 2266 684 2336 gaudet
706 2266 744 2321 de
766 2266 915 2322 Rodericii
938 2269 967 2322 in

408 2354 523 2409 ltaliam
544 2350 686 2427 adventu,
705 2359 770 2433 ⁶⁰²3
795 2358 968 2428 prudentiae

327 2442 329 2446 ’
409 2442 543 2512 Romaei,
557 2445 686 2499 nondum
704 2446 876 2510 sacerdotis,
897 2448 967 2501 mul·

410 2542 473 2587 tum
493 2534 608 2602 tribuit,
627 2546 672 2603 213
693 2533 857 2588 Salmeroni
875 2534 968 2605 injun-

408 2622 453 2689 git
484 2629 516 2675 ut
548 2622 731 2677 Bobadillam
758 2622 969 2678 humanissime

410 2718 528 2777 tractet,
547 2710 594 2780 93,
612 2726 658 2782 944
677 2712 856 2767 sententiam
875 2721 969 2767 mutat

408 2799 446 2854 de
459 2798 634 2855 abducendo
648 2800 771 2872 Neapoli
785 2800 969 2868 Salmerone,

408 2884 472 2955 438;
488 2888 591 2955 prohat
602 2888 680 2940 hunc
690 2886 814 2957 Neapoli
824 2885 970 2940 consiste·

409 2992 451 3044 re,
465 2976 530 3045 461,
544 2974 608 3045 483,
623 2976 687 3043 484,
705 2975 770 3045 486,
789 2976 852 3045 5684
872 2976 969 3032 Santi·

410 3081 481 3119 num
499 3063 607 3119 invitat
625 3073 658 3118 ut
677 3066 809 3120 Montem
827 3065 969 3137 Regalem

411 3150 508 3219 adeat,
531 3154 595 3222 6003
619 3154 743 3209 Stradae
765 3156 908 3227 quaesitis
926 3174 968 3212 re·

410 3242 547 3313 spondet,
560 3242 623 3314 375,
639 3242 702 3315 3844
717 3244 799 3298 illurn
813 3247 969 3317 reprehen-

410 3330 465 3399 dit,
490 3330 569 3402 quod
600 3343 703 3385 contra
729 3350 812 3387 suam
840 3343 968 3389 mentem

410 3429 621 3475 testamentum
635 3421 773 3486 Gregorii
787 3422 826 3476 de
839 3422 968 3478 Polanco

410 3510 449 3563 sit
462 3508 683 3580 interpretatus,
695 3508 759 3585 3764
772 3513 835 3566 vult
846 3521 878 3566 ut
889 3512 970 3583 Ugo·

412 3600 503 3653 lettus
526 3599 752 3669 imaginationes
776 3618 856 3670 suas,
896 3610 969 3656 tam-

412 3705 499 3760 quam
519 3690 627 3742 mentis
646 3687 800 3757 figmenta,
818 3690 969 3745 exanimo

411 3776 540 3847 abjiciat,
556 3789 601 3847 774
615 3779 719 3833 666611
731 3786 764 3833 61
776 3778 863 3834 Viola
879 3780 969 3835 aedes

412 3882 493 3934 suas,
506 3883 579 3937 quas
594 3866 716 3920 Parmae
729 3867 830 3932 habet,
850 3866 970 3939 vendat,

413 3968 475 4026 5974
499 3954 658 4025 propositis
676 3954 823 4009 rationum
842 3972 971 4012 momen-

413 4042 467 4106 tis,
491 4044 650 4097 Xaverinm
678 4053 800 4114 evocat,
830 4043 969 4114 148-151,

413 4133 542 4201 165-167;
569 4134 697 4188 Xaverio
723 4135 828 4188 tribuit
852 4136 971 4191 titulum

412 4223 571 4293 praepositi
584 4222 734 4290 generalis
748 4224 778 4279 in
792 4224 887 4294 India,
906 4226 969 4294 267.

375 4310 617 4367 1V.-1cmrrus
639 4324 679 4366 ur
701 4324 764 4367 vrar
783 4324 971 4372 1611611111,-

410 4402 525 4455 Ducem
552 4402 748 4457 Averiensem
781 4412 865 4473 rogat
897 4403 971 4459 velit

411 4489 599 4545 Rodericium
622 4490 763 4547 inducere
789 4502 822 4547 ut
847 4493 970 4549 Romam

413 4580 625 4650 proficiscatur,
642 4583 703 4656 1664
718 4582 776 4639 Bti.
797 4582 885 4638 Avila
905 4600 970 4640 sen·

785 422 996 479 Mouurraura
1011 425 1190 481 1661111111

1054 577 1178 633 tentiam
1200 576 1238 633 de
1262 578 1379 633 Loartio
1403 588 1436 635 et
1458 578 1608 635 Guzmano

1053 668 1206 739 approbat,
1219 666 1283 737 3354
1298 675 1383 739 putat
1401 684 1460 723 non
1474 676 1609 739 oportere

1054 764 1086 810 ut
1108 754 1244 811 catholici
1262 772 1331 811 cum
1353 756 1513 811 haereticis
1534 773 1608 811 com-

1054 842 1217 913 municent,
1227 842 1272 915 784
1283 853 1367 915 optat
1377 850 1410 897 ut
1421 844 1526 915 pestis,
1536 860 1608 915 qnae

1054 928 1196 985 Coloniae
1218 942 1381 1003 grassatur,
1399 934 1555 987 animabus
1570 932 1608 986 sit

1054 1018 1216 1087 salutifera,
1228 1020 1293 1095 6164
1304 1020 1492 1093 suspiciones
1505 1038 1541 1077 ex
1551 1022 1609 1076 ani·

1055 1126 1102 1163 166
1115 1109 1333 1165 conservatoris
1347 1112 1609 1181 Aragoniaecona·

1055 1206 1102 1251 tur
1119 1196 1247 1267 auferre,
1265 1210 1329 1270 5114
1349 1198 1491 1256 Corsicae
1509 1199 1546 1254 ad
1563 1200 1610 1254 bo·

1054 1304 1121 1341 nam
1147 1287 1261 1357 frugem
1288 1288 1474 1343 revocandae
1501 1288 1609 1359 studet,

1055 1378 1100 1445 62,
1114 1374 1160 1448 634
1180 1376 1301 1431 Mariam
1318 1376 1366 1431 del
1387 1377 1487 1433 Gesso
1499 1376 1536 1431 ad
1549 1394 1611 1433 san·

1054 1464 1609 1534 ctioremcaritatemergaPelletarium

1055 1553 1257 1609 adducendam
1268 1572 1335 1609 esse
1346 1564 1516 1627 1116661,654
1527 1556 1610 1625 Joan·

1056 1660 1123 1697 nem
1138 1643 1179 1697 lli
1192 1652 1277 1713 rogat
1290 1660 1327 1697 ne
1342 1642 1543 1699 Rodericium.
1558 1644 1610 1697 lto-

1056 1750 1133 1787 mam
1143 1732 1297 1801 ¹vocatum,
1308 1732 1337 1787 in
1349 1734 1532 1803 Portugallia
1540 1733 1610 1787 deti·

1057 1832 1137 1891 neat,
1162 1836 1208 1893 754
1235 1822 1409 1893 Lippomani
1435 1822 1610 1877 sententiam

1057 1908 1187 1981 exquirit
1198 1909 1236 1963 de
1254 1909 1394 1965 Gambari
1413 1908 1549 1965 discessu
1565 1920 1612 1964 aut

1057 2000 1300 2070 commoratione,
1322 1998 1386 2069 433;
1408 1999 1551 2069 magistro
1567 2016 1611 2070 po·

1057 2098 1168 2144 starum
1181 2090 1296 2161 copiam
1311 2089 1381 2145 iacit
1398 2088 1569 2153 resignandi
1585 2099 1612 2143 et

1061 2180 1181 2245 legendi
1196 2180 1309 2234 litteras
1320 2178 1437 2233 nuntias
1447 2176 1611 2245 societatis,

1058 2268 1103 2339 844
1120 2268 1332 2337 816166166166,
1352 2268 1494 2337 magistro
1512 2266 1612 2335 domus

1059 2356 1178 2413 lusitani
1198 2356 1338 2428 principis
1360 2366 1471 2410 creato.
1490 2358 1612 2425 gratula-

1060 2456 1117 2515 tur,
1131 2444 1177 2515 35,
1191 2444 1237 2511 ³⁶3
1256 2444 1393 2500 eumdem
1412 2456 1498 2515 rogat
1512 2453 1545 2499 ut
1561 2444 1611 2497 Ro·

1058 2534 1200 2589 dericium
1220 2533 1257 2587 ad
1277 2532 1335 2589 iter
1348 2550 1503 2587 romanum
1523 2533 1612 2601 ing-re-

1059 2621 1199 2677 diendum
1219 2621 1349 2691 inducat,
1366 2633 1428 2693 1644
1449 2638 1613 2675 messanen-

1058 2710 1141 2765 sibus
1155 2710 1273 2781 juratis,
1292 2709 1474 2780 Viperanum
1495 2725 1612 2780 poscen-

1060 2800 1151 2868 tibus,
1162 2802 1244 2870 cupit
1254 2801 1471 2869 obtemperare,
1482 2812 1546 2867 5503
1556 2814 1613 2852 car·

1059 2888 1150 2943 dinali
1163 2890 1285 2943 Morono
1305 2886 1402 2943 socios
1420 2904 1453 2942 se
1470 2888 1613 2959 praebitu-

1059 2994 1123 3031 rum
1143 2977 1295 3049 promittit,
1316 2974 1446 3043 261-263;
1464 2976 1614 3031 Pallavici·

1061 3084 1138 3138 nam,
1159 3066 1249 3121 misso
1270 3065 1446 3121 Cremonam
1465 3066 1613 3135 Ugoletto,

1059 3156 1245 3225 consolatur,
1271 3154 1321 3227 734
1348 3156 1511 3210 1661616116
1535 3154 1614 3210 ducis

1061 3245 1171 3301 Montis
1193 3243 1290 3299 leonis
1308 3252 1399 3314 negat
1418 3242 1513 3299 filium
1531 3242 1615 3301 oca·

1062 3336 1141 3390 vium
1157 3334 1311 3405 Neapolim
1324 3350 1357 3387 se
1372 3334 1540 3399 missurum,
1553 3331 1614 3403 3164

1062 3422 1186 3477 Τ6111611
1211 3420 1360 3491 significat
1383 3421 1485 3475 utilius
1506 3422 1569 3476 iore
1591 3422 1615 3476 si

1061 3511 1251 3567 Schorichius
1286 3511 1397 3583 aliique
1429 3510 1558 3582 juvenes
1587 3510 1614 3567 in

1062 3603 1212 3656 Austriam
1236 3618 1294 3656 666
1316 3601 1515 3671 remittantur,
1539 3598 1615 3673 prius

1061 3708 1148 3761 quam
1162 3690 1192 3745 in
1210 3690 1335 3745 scientia
1348 3697 1379 3744 et
1397 3689 1508 3746 virtute
1527 3688 1615 3760 magis

1061 3780 1172 3834 fuerint
1182 3778 1317 3847 exerciti,
1331 3790 1393 3851 145,
1405 3790 1467 3849 641,
1481 3790 1614 3849 641,1454

1062 3870 1273 3925 816.Τ11611166
1290 3887 1307 3923 a
1325 3868 1483 3924 Villanova
1501 3869 1614 3941 promit·

1063 3959 1099 4014 tit
1116 3960 1347 4025 Domeneccum,
1359 3958 1504 4015 Mironem
1519 3958 1614 4013 alium·

1063 4068 1100 4104 ve
1111 4050 1206 4105 virum
1218 4048 1397 4119 hujusmodi,
1409 4048 1575 4104 Valentiam
1585 4064 1615 4100 se

1064 4140 1232 4207 missurum,
1247 4152 1291 4207 24.

1026 4230 1189 4303 Illyricum,
1202 4226 1296 4299 regio,
1309 4226 1374 4297 658.

1027 4320 1106 4375 Iluro
1124 4316 1270 4389 (Oloronl‚
1292 4316 1358 4373 aliis
1378 4318 1514 4388 Elorona,
1539 4333 1612 4389 opp,

1065 4418 1126 4477 175.

1027 4494 1120 4567 India,
1135 4495 1230 4566 regio,
1243 4498 1272 4564 6,
1286 4508 1330 4564 17,
1345 4493 1391 4565 32,
1403 4494 1450 4563 78,
1465 4494 1558 4564 86-84,
1571 4498 1613 4564 87,

1065 4598 1127 4657 164,
1149 4585 1210 4658 113,
1232 4582 1454 4656 111,136,139,
1477 4596 1537 4655 141,
1556 4596 1614 4654 149,
