3567 5409
455 452 509 509 ⁴94
834 438 1044 495 Mouurrunra
1061 438 1242 496 lanariam
1304 454 1308 460 ·

485 592 539 657 De
555 589 693 658 domino
710 589 879 677 Quintino
895 591 922 673 ⁴,
941 612 1004 658 cur
1019 594 1196 679 proiectus
1210 615 1283 661 non
1306 590 1410 661 ruerit
1431 591 1523 680 (licet
1542 590 1641 679 primo

419 727 515 787 uere,
532 704 608 775 Deo
621 704 722 789 duce,
740 709 958 793 proiecturus
974 708 1029 795 sit)
1052 708 1142 776 binis
1162 706 1290 777 nostris
1309 708 1418 778 literis
1439 706 1638 795 significaui-

418 842 508 889 mus.
534 824 609 911 Jam
639 824 732 893 ualet
758 844 820 909 per
846 822 913 890 Dei
936 822 1095 911 gratiam,
1117 834 1154 892 et
1172 822 1249 893 eius
1268 825 1436 911 quasdam
1455 823 1515 892 hic
1534 822 1642 891 literas

419 936 565 1005 mittam.
997 1024 1000 1031 Ι

485 1053 598 1121 Hodie
614 1053 729 1127 literas
744 1055 941 1143 accepimus
956 1078 977 1123 a
994 1055 1155 1123 Patribus
1169 1055 1428 1140 viennensibus,
1454 1054 1577 1142 quibus
1597 1054 1638 1121 si·

417 1168 605 1255 gnificatur
619 1170 719 1241 nobis
734 1172 827 1256 quod
844 1172 952 1239 Rdus.
970 1170 1130 1239 dominus
1142 1193 1162 1239 a
1175 1170 1334 1239 Pictauia
1346 1175 1372 1253 ⁵,
1385 1170 1639 1241 archidiaconus

417 1284 582 1354 ecclesiae
597 1285 794 1369 leodiensis,
812 1285 986 1373 pollicitus
1001 1296 1055 1355 est
1070 1290 1121 1375 (ut
1135 1286 1240 1355 etiam
1260 1308 1330 1353 non
1350 1288 1458 1357 semel
1477 1285 1639 1374 pollicitus

417 1400 539 1487 iuerat)
567 1410 764 1469 constanter
791 1422 831 1469 se
856 1400 945 1470 velle
966 1401 1152 1489 collegium
1173 1400 1339 1471 Societati
1360 1400 1495 1489 erigere
1518 1399 1635 1469 Leodii

417 1516 600 1585 Praeterea
615 1515 772 1589 scribunt
787 1514 918 1603 regiam
934 1515 1147 1587 maiestatem
1163 1520 1176 1553 ⁶
1193 1516 1361 1587 instanter
1383 1518 1426 1585 ab
1445 1518 1564 1585 eodem
1582 1536 1630 1602 pe

417 1629 511 1698 tiisse
527 1640 567 1697 ut
581 1642 717 1699 curaret
733 1630 879 1719 gratiam
895 1631 1052 1701 obtinere
1067 1632 1123 1701 uel
1138 1633 1337 1702 facultatem
1354 1632 1446 1700 illam
1468 1631 1566 1700 uobis
1580 1652 1634 1699 ue·

416 1746 599 1815 cessariam
625 1748 668 1814 ad
696 1748 883 1835 collegium
904 1746 1051 1816 Louanii
1070 1747 1311 1831 obtinendum,
1334 1748 1438 1837 idque
1462 1747 1585 1835 recepit
1602 1769 1636 1816 se

415 1873 628 1944 curaturum,
651 1876 686 1932 et
705 1863 808 1933 simul
834 1876 938 1949 atque
959 1864 1138 1932 Bruxellas
1159 1864 1386 1951 peruenisset,
1408 1886 1447 1934 se
1466 1864 1635 1951 imperato·

414 1998 486 2045 rem
506 1980 516 2013 ’
533 1980 803 2065 alloquuturum‚
821 1992 856 2049 et
872 1980 1028 2067 reginam
1045 1981 1057 2016 ⁸
1074 1979 1190 2061 etiam,
1207 1979 1238 2049 si
1252 2001 1341 2066 opus
1358 1990 1462 2048 esset.
1477 1981 1520 2048 V.
1534 1982 1574 2048 R.
1587 1978 1631 2046 ui·

414 2094 494 2161 deat
509 2116 553 2161 an
575 2096 732 2183 redigere
751 2094 787 2162 in
808 2093 1006 2165 memoriam
1030 2094 1140 2165 eidem
1160 2098 1206 2163 D.
1228 2094 1428 2165 Guilhelmo
1449 2119 1471 2164 a
1491 2094 1632 2163 Pictauia

416 2209 588 2295 expediat.
1742 2293 1743 2300 ἵ

479 2325 535 2394 De
550 2328 645 2413 Mag.
664 2324 882 2395 Theodorico
898 2327 910 2362 ⁸
927 2328 993 2393 hoc
1006 2336 1139 2395 tantum
1150 2327 1275 2412 dicam,
1289 2328 1382 2413 quod
1395 2328 1488 2397 ualet
1499 2327 1533 2393 in
1545 2338 1626 2393 utro-
1742 2309 1743 2360 ³

412 2460 480 2526 que
496 2440 645 2523 homine,
663 2452 700 2509 et
714 2441 860 2529 proficit,
878 2443 964 2511 etin
980 2441 1087 2511 literis
1099 2442 1202 2510 etiam
1215 2442 1384 2529 proficiet,
1398 2445 1475 2513 Deo
1487 2443 1627 2523 iuuante;
1742 2433 1743 2440 ἵ

411 2577 491 2625 nam
508 2556 605 2624 breui
621 2556 733 2625 studia
749 2558 983 2644 aggredietur,
1001 2558 1091 2625 sicut
1111 2569 1146 2625 et
1166 2556 1223 2626 alii
1242 2560 1366 2627 fratres
1386 2557 1540 2627 Louanio
1557 2578 1626 2625 cum

410 2692 453 2739 eo
468 2670 573 2739 missi.
593 2671 740 2740 Videtur
760 2672 835 2741 eius
855 2673 991 2755 animus
1011 2671 1144 2741 alienus
1163 2694 1241 2741 esse
1260 2695 1279 2739 a
1303 2672 1414 2741 reditu
1436 2694 1555 2741 uersus
1574 2694 1624 2760 pa·

411 2788 523 2869 triam,
541 2789 608 2856 hoc
623 2798 718 2855 certe
731 2800 894 2876 tempore.
911 2788 1000 2856 Cum
1014 2798 1127 2857 tamen
1141 2788 1287 2859 maiores
1299 2788 1334 2855 in
1346 2788 1469 2857 studiis
1481 2799 1516 2857 et
1528 2787 1624 2854 uirtu-
1741 2787 1742 2800 ¹

411 2902 504 2970 tibus
520 2903 639 2971 iecerit
654 2926 870 2993 progressus,
889 2902 1056 2971 maturius
1067 2916 1103 2971 et
1115 2904 1217 2973 etiam
1230 2903 1347 2972 utilius
1361 2903 1486 2973 remitti
1497 2903 1622 2991 poterit.
1741 2979 1742 3006 ᾖ

476 3019 769 3106 Congratulamur
785 3018 881 3087 fratri
897 3031 1029 3099 nostro,
1053 3021 1097 3088 D.
1125 3022 1228 3088 Petro
1248 3020 1389 3107 Spigae,
1407 3020 1453 3089 de
1472 3019 1626 3087 sacrificio
1741 3055 1743 3082 ι

411 3134 535 3202 missae
562 3134 630 3201 iam
659 3134 857 3225 inch[o]ato.
883 3134 1057 3223 Dignetur
1079 3135 1198 3203 diuina
1214 3135 1352 3204 bonitas
1367 3135 1555 3203 ministrum
1569 3134 1624 3201 sibi

410 3272 515 3337 quam
543 3250 819 3339 acceptissimum
848 3274 927 3322 eum
948 3251 1171 3328 constituere.
1193 3263 1229 3320 et
1249 3250 1324 3319 eius
1345 3272 1409 3319 nos
1428 3250 1625 3319 orationibus

409 3366 445 3433 in
463 3366 583 3455 primis
599 3366 832 3435 commendari
847 3366 1016 3454 cupimus.

478 3482 564 3551 Vale
581 3482 616 3549 in
632 3482 794 3565 Domino,
812 3483 1012 3552 charissime
1029 3485 1145 3553 Pater.

477 3600 607 3669 Romae
628 3619 668 3689 19
683 3598 908 3687 Septembris.

477 3717 674 3801 Inscriptio.
693 3714 898 3785 Louanium.

458 3924 470 3957 ⁴
507 3920 651 3981 Charlart.

459 4014 471 4047 ⁸
508 4010 676 4067 Gulielmus
693 4027 711 4068 a
730 4010 872 4083 Pictavim
891 4010 930 4067 de
947 4028 1007 4084 quo
1023 4010 1207 4083 PotarrcttS,
1227 4010 1353 4076 Ceron„
1369 4010 1426 4081 111,
1443 4010 1496 4066 262
1514 4019 1543 4065 et
1560 4007 1616 4066 2⁶3.
1739 4007 1740 4084 ᾗ

407 4100 483 4157 Vide
497 4100 653 4173 epistolam
667 4110 851 4174 sequentem.

455 4192 468 4227 ⁸
505 4188 627 4247 Scilicet
640 4188 858 4247 Ferdinandum
871 4189 896 4258 1,
909 4206 1011 4261 regem
1024 4204 1220 4245 romanorum.

458 4282 470 4316 i

455 4371 468 4403 ⁸
506 4279 841 4439 riiiiiimnirstrracam,
856 4368 955 4425 Caroli
968 4368 995 4423 V
1008 4382 1150 4436 sororem,
1164 4365 1319 4424 Flandriae
1330 4366 1574 4439 gubernatricem.

454 4459 467 4494 ⁹
503 4458 689 4515 Theoderico
702 4456 838 4515 Gerardi.
853 4456 1039 4529 Focaneus»,
1055 4456 1179 4521 chron„
1190 4456 1244 4531 111,
1255 4468 1283 4527 7.
