3567 5409
397 501 450 559 724
774 489 984 547 Monnnnunn
1003 488 1184 547 Icsnrrnna

359 642 515 729 disposto
531 643 556 708 il
571 666 635 711 suo
652 664 847 729 compagno
858 644 884 710 ¹.
901 644 945 711 Et
957 642 1065 711 cierto
1077 640 1150 733 [sic]
1164 654 1261 730 parte
1273 664 1333 729 per
1347 644 1475 711 uedere
1490 644 1523 711 la
1535 665 1601 712 ne·

358 758 483 826 cessitd
499 761 564 827 che
585 760 617 826 ci
634 760 666 839 ὁ,
688 770 785 844 parte
806 780 866 845 per
884 759 1162 827 raccomandarlo
1178 771 1192 800 ¹
1209 761 1253 827 V.
1273 757 1361 828 Sria.
1382 760 1485 841 Rea,
1504 782 1525 826 a
1541 759 1600 824 chi

358 874 519 949 desidero
536 875 588 944 far
603 874 687 961 ogni
703 873 846 942 seruitio
868 874 924 941 nel
946 873 1075 961 Signor
1095 884 1214 941 nostro
1226 876 1252 955 ³,
1271 874 1305 941 io
1326 872 1469 941 haueria
1490 874 1599 941 molto

359 1011 476 1057 acaro
491 991 558 1057 che
583 992 675 1057 fosse
697 990 859 1057 mandato
874 987 934 1055 un'
949 991 1036 1057 altro
1057 991 1237 1059 sacerdote
1257 989 1367 1069 costi,
1391 1011 1413 1055 o
1430 1010 1515 1057 uero
1529 990 1599 1055 che

358 1104 389 1170 si
404 1104 566 1172 cambinsi
588 1106 612 1169 l'
630 1104 777 1171 iniermo
789 1126 854 1171 con
869 1107 927 1171 un'
943 1106 1031 1171 altro
1043 1126 1139 1171 sano,
1156 1106 1226 1185 Ma,
1241 1105 1457 1190 permandet
1470 1106 1600 1173 unode

359 1243 453 1289 nouo
470 1243 539 1287 non
552 1223 641 1288 uedo
654 1223 684 1288 al
699 1234 859 1308 presente
871 1220 1094 1302 commoditd,
1110 1244 1169 1307 per
1182 1222 1216 1288 la
1227 1220 1371 1308 penuria
1383 1222 1518 1308 grande
1530 1222 1599 1289 che

359 1336 507 1422 patiamo
523 1339 566 1404 de
582 1336 766 1417 sacerdoti,
781 1338 928 1405 essendo
941 1337 1050 1422 sparsi
1063 1337 1098 1403 in
1112 1347 1206 1405 tante
1218 1338 1333 1405 bande
1345 1349 1404 1423 pet
1417 1335 1541 1406 ordine
1552 1337 1598 1404 de

358 1454 397 1523 S.
416 1454 468 1533 S.,
487 1465 523 1520 et
539 1475 600 1540 per
617 1456 727 1521 hauet
742 1452 885 1540 pigliato
902 1452 924 1519 1'
941 1463 1119 1539 assumpto
1134 1453 1179 1523 de
1195 1452 1293 1519 molti
1315 1452 1468 1539 collegii.
1489 1452 1598 1520 Perii

356 1570 510 1635 cambiar
524 1571 547 1635 l'
566 1570 716 1636 amalato
732 1591 799 1636 con
814 1567 874 1634 un’
885 1570 973 1635 altro
989 1590 1086 1649 sano,
1100 1568 1245 1636 scriuird
1261 1570 1293 1635 al
1309 1567 1512 1635 comissario
1530 1590 1596 1635 no·

357 1693 429 1750 stro
441 1688 505 1750 che
518 1683 629 1751 faccia
640 1683 664 1750 il
677 1684 805 1771 meglio
821 1686 889 1752 che
904 1687 1016 1770 potra.
1034 1686 1075 1751 Et
1090 1704 1129 1750 se
1141 1684 1175 1751 in
1189 1695 1313 1771 questo
1329 1706 1449 1753 mezzo
1467 1685 1597 1751 uedero

357 1797 391 1864 io
406 1799 441 1864 di
459 1795 527 1883 qua
543 1800 703 1887 maggior
719 1799 940 1880 commodine,
959 1800 1006 1865 mi
1028 1803 1104 1867 sera
1126 1810 1221 1867 tanto
1244 1800 1302 1885 piu
1326 1814 1438 1885 grata,
1461 1812 1596 1885 quanto

357 1917 448 1983 uedo
471 1916 504 1981 lo
528 1915 699 1985 desiderio
723 1917 766 1982 de
782 1916 827 1982 V.
846 1914 936 1984 Sria.
955 1938 1017 2002 per
1033 1914 1056 1981 il
1072 1915 1215 1985 seruitio
1236 1916 1271 1981 d'
1290 1914 1387 1981 Iddio
1400 1916 1445 1981 N.
1465 1916 1520 1995 S„
1539 1916 1597 1982 nel

355 2034 457 2114 quale
471 2032 515 2097 mi
532 2034 639 2098 offero
656 2033 810 2098 secondo
821 2033 853 2099 le
865 2031 933 2098 mie
944 2032 1068 2101 debole
1080 2034 1174 2104 forze
1187 2032 1219 2097 al
1231 2030 1426 2099 seruitiode
1439 2034 1484 2099 V.
1501 2032 1597 2101 Sria.

424 2148 468 2224 Et
491 2168 599 2233 prego
621 2148 654 2214 la
679 2147 795 2214 diuina
818 2158 853 2217 et
876 2169 1010 2215 summa
1033 2147 1175 2215 maiestd
1198 2168 1263 2213 sua
1287 2169 1308 2213 a
1331 2146 1411 2213 tutti
1440 2148 1597 2215 conceda

356 2261 469 2348 gratia
484 2263 680 2331 abondante
697 2286 757 2349 per
773 2284 960 2331 conoscere
972 2284 1035 2329 sua
1047 2262 1243 2331 sontissima
1257 2262 1414 2345 uolunta,
1430 2274 1467 2331 et
1479 2263 1597 2347 quella

356 2378 621 2462 perfettamente
642 2380 828 2465 adempire.

421 2495 475 2561 De
491 2496 601 2563 Roma
618 2512 660 2579 25
673 2497 718 2563 de
734 2497 934 2563 Nouembre
951 2510 1047 2579 1553.

422 2612 618 2698 Inscriptio.
641 2614 707 2680 Per
728 2610 751 2675 il
767 2610 897 2677 vicario
912 2610 947 2677 di
970 2611 1139 2697 Bologna.

920 2783 1025 2864 3933

504 2924 645 2991 PATRI
677 2920 944 2993 FRANCISCO
978 2924 1158 2992 PALM10
1190 2925 1253 2991 EX
1284 2924 1436 2992 COMM.

743 3070 830 3113 noun
850 3071 885 3127 25
900 3069 1080 3113 novsusnrs
1096 3055 1165 3127 1553
1179 3058 1199 3115 ⁴.

352 3174 397 3229 De
410 3174 522 3229 litteris
539 3177 581 3229 ad
603 3174 757 3229 vicarium
775 3172 1149 3230 &iconiensem-Caveat
1162 3190 1199 3229 ue
1212 3190 1394 3244 quemquam
1408 3174 1527 3239 uirum,
1537 3190 1595 3227 au·

404 3265 545 3318 ctoritate
554 3262 745 3336 praeditum,
755 3264 881 3318 inducat
892 3263 936 3316 ad
944 3262 1062 3316 sodales
1071 3262 1108 3316 ab
1120 3262 1245 3335 ignatio
1254 3262 1408 3334 petendos,
1417 3262 1493 3333 quin
1500 3263 1595 3333 prius

402 3354 480 3407 hunc
490 3356 611 3406 moneat
624 3357 857 3423 responsumque
867 3351 1096 3423 accipian-De
1108 3349 1250 3406 Caesaris
1259 3351 1400 3409 morbo.-
1415 3352 1459 3404 De
1465 3354 1594 3421 permu-

403 3444 498 3496 tando
517 3440 718 3495 Pantaleonis
732 3441 995 3496 sacerdotio-De
1010 3442 1103 3496 Petro
1120 3440 1274 3497 Aillon.-·
1287 3440 1407 3496 Gaudet
1423 3440 1461 3494 de
1475 3438 1592 3510 sumta

403 3541 579 3594 studiorum
593 3538 800 3595 renovatione.

421 3668 492 3732 Pax
509 3666 650 3732 Christi.

417 3782 495 3847 Vna
510 3782 632 3847 lettera
648 3782 704 3848 del
720 3780 839 3866 signor
856 3780 983 3847 vicario
1000 3784 1044 3848 ha
1060 3780 1217 3848 riceuuto
1228 3782 1273 3847 N.
1294 3782 1350 3859 P.,
1369 3790 1404 3845 et
1420 3780 1480 3865 qui
1494 3802 1539 3845 ua
1556 3782 1589 3845 la

348 3894 496 3981 risposta
510 3898 534 3963 ¹.
559 3898 607 3963 Fa
625 3896 781 3962 instanza
798 3919 858 3982 per
880 3900 937 3962 un'
962 3898 1048 3963 altro
1068 3898 1259 3976 sacerdote,
1283 3908 1318 3963 et
1338 3896 1441 3962 credo
1462 3898 1528 3964 che
1549 3918 1589 3965 sa

350 4018 564 4029 ειη-ψ

402 4082 416 4108 ²
453 4064 705 4121 racomandarloa
724 4082 781 4122 ms.

352 4176 567 4187 ...b-..-

402 4222 412 4253 ¹
450 4219 560 4275 Caesar
574 4219 762 4273 Aversanus.
784 4216 860 4272 Vide
873 4216 1031 4289 epistolam
1044 4224 1228 4290 sequentem.

401 4310 413 4342 ¹
450 4310 496 4363 De
511 4306 688 4363 bononiensi
702 4307 823 4372 vicario,
837 4305 888 4378 qui
901 4306 1059 4377 plurimum
1070 4306 1174 4361 Palmii
1186 4323 1275 4377 opera
1288 4308 1439 4380 utebatur,
1455 4306 1517 4377 agit
1530 4306 1590 4363 Po·

345 4410 484 4464 Laneus
509 4397 634 4461 cnron„
658 4396 713 4466 111,
738 4394 799 4450 136:
824 4396 903 4450 illius
926 4403 1026 4451 temen
1047 4412 1155 4451 nomen
1173 4405 1318 4468 perpetuo
1336 4403 1460 4452 tacetur.
1481 4394 1587 4469 Neque

347 4488 420 4545 iilud
433 4487 498 4543 erui
508 4484 628 4558 quidem
644 4493 743 4556 potest
752 4502 791 4539 ex
803 4486 940 4555 catalogo
952 4484 1178 4541 bononiensium
1189 4484 1356 4541 antistitum
1367 4484 1445 4558 apud
1458 4485 1587 4541 Unum.-

346 4589 423 4648 ων,
439 4574 534 4629 [talia
546 4591 648 4643 sacra,
664 4575 702 4642 11,
718 4591 763 4644 40.
1262 4573 1265 4580 '

402 4731 408 4760 ¹
451 4730 493 4782 Ex
507 4728 609 4783 codice
625 4730 744 4800 Regni.
758 4730 786 4791 I,
800 4728 853 4783 iol.
865 4741 942 4783 212r.
1082 4729 1093 4763 ¹
1133 4728 1207 4783 Vide
1221 4716 1376 4799 epistolem
1389 4727 1583 4799 superiorem.
