3567 5409
533 514 638 572 Errsr.
658 511 796 585 3804.-7
815 510 978 571 Ocrosars
999 511 1069 583 1553
1327 526 1377 583 ⁵5¹

182 668 226 733 ·A
240 666 292 733 chi
308 666 438 753 piaccia
453 668 549 737 darei
563 668 674 755 gratia
687 668 882 737 abondante
894 677 955 755 per
966 688 1132 737 conoscer
1144 688 1208 735 sua
1221 666 1419 734 sontissima

198 782 344 870 uolunta,
361 793 397 851 et
412 784 526 871 quella
542 784 805 871 perfettamente
821 782 1006 883 adempiress
1079 782 1083 787 ’
1172 793 1175 799 ’

256 897 299 965 Di
315 899 425 965 Roma
442 919 461 984 3
476 898 513 965 di
529 901 678 970 Ottobre
699 914 794 985 1553.
833 950 835 955 -

257 1014 450 1099 Inscriptio.
470 1016 539 1083 Per
553 1014 578 1081 li
594 1014 722 1103 giurati
738 1017 780 1083 de
792 1012 959 1083 Messina.
1002 1054 1007 1063 ·
1119 1024 1123 1032 ’

415 1268 417 1271 ,
750 1198 858 1279 38114

338 1337 377 1404 Ρ.
404 1290 661 1407 avannaoo
687 1337 999 1413 Mnaconnno
1022 1286 1262 1407 ex'conn.
1362 1350 1366 1361 ·

600 1480 689 1525 sorra
702 1482 720 1539 7
733 1480 890 1527 ocroaars
907 1466 977 1539 1553
989 1468 1011 1525 ί.

195 1578 320 1637 Gratias
341 1584 407 1641 Deo
424 1584 493 1659 agit
509 1586 547 1642 rto
562 1586 712 1643 sociorum
731 1586 919 1658 migratione
935 1586 970 1641 in
983 1586 1131 1659 proprias
1147 1586 1422 1657 aedan-speratque

243 1688 345 1727 eoram
358 1674 573 1733 sustentationi
590 1675 628 1730 ab
644 1675 753 1751 amiois
766 1674 1090 1752 providendum-Do
1105 1672 1285 1745 adjuvando
1300 1673 1420 1731 alarico·

244 1778 312 1816 ram
333 1756 717 1824 seminaria-Sturtia'in
739 1765 866 1838 collegio
888 1782 1017 1820 romano
1035 1781 1136 1820 mense
1155 1763 1318 1820 Novembri
1336 1780 1423 1819 roao-

243 1852 537 1924 vanna-alpiam
545 1870 613 1910 cunr
627 1853 717 1910 sociis
729 1854 858 1911 Romam
873 1852 1109 1910 venit-Fnaii
1120 1855 1256 1926 syirtaxis
1268 1871 1335 1909 crim
1347 1852 1425 1911 aliia

243 1940 329 1996 libris
341 1940 664 2003 initiatum—Litterae
681 1944 838 1999 Gaudium
851 1940 1125 2017 dirigentiam-De
1145 1940 1310 1997 Laarsirtio
1327 1937 1423 1997 Daoi·
1523 2009 1525 2012 ¹

241 2030 318 2087 dico.
326 2031 430 2087 -Post
441 2033 601 2105 scriptum.
615 2032 842 2104 inspiciendum
853 2050 897 2087 an
905 2032 1047 2104 apodiat
1060 2036 1093 2087 ut
1105 2030 1186 2087 loom
1198 2030 1344 2088 societati·
1352 2037 1422 2105 per·

238 2124 331 2191 petuo
342 2120 697 2191 applicatum-Litterae
710 2122 833 2195 ignatio
846 2118 1066 2177 inscribendae.

258 2238 330 2305 Pax
345 2236 404 2305 Χ.ἰ

256 2354 472 2441 Rispondero
486 2376 548 2443 per
565 2366 687 2441 questa
704 2376 724 2422 3
739 2357 805 2423 doe
821 2356 944 2424 lettere
959 2356 1003 2425 de
1019 2356 1063 2423 V.
1087 2356 1130 2453 R
1148 2356 1192 2421 de
1210 2372 1229 2421 2
1232 2374 1251 2440 3
1270 2356 1326 2425 del
1342 2376 1421 2443 pas·

191 2481 265 2537 sato
281 2480 316 2537 et
333 2470 444 2557 primo
459 2471 512 2538 del
531 2480 703 2557 presente.
883 2558 888 2567 ι
958 2562 962 2569 Ι

258 2586 494 2675 Ringratiamo
511 2587 606 2655 iddio
621 2590 686 2654 che
703 2587 789 2656 siate
805 2586 933 2673 passati
948 2586 980 2653 al
996 2588 1102 2675 logho
1117 2587 1174 2653 del
1189 2586 1338 2675 collegio
1356 2587 1368 2621 ¹
1386 2598 1423 2657 et

191 2680 439 2789 soeramo'sara
455 2724 515 2789 per
531 2704 639 2771 molto
656 2702 808 2791 seruigio
823 2704 868 2771 de
883 2724 947 2770 sua
962 2701 1082 2769 diuina
1103 2704 1245 2769 maesti.
1272 2703 1374 2771 Circa
1390 2705 1424 2771 13

192 2817 387 2903 prouisione
414 2820 469 2887 del
496 2820 591 2887 detto
618 2818 766 2905 collegio
785 2838 944 2905 speramo
963 2818 1030 2886 che
1052 2819 1086 2883 13
1107 2818 1215 2887 carita
1236 2819 1293 2887 del
1314 2819 1423 2885 cardi·

192 2934 268 3003 nale
284 2934 297 2968 ²
314 2943 349 3001 et
365 2933 564 3022 monsignor
580 2934 603 2999 il
621 2934 748 3001 vicario
764 2937 777 2967 ⁴
793 2948 828 3001 et
844 2931 924 3033 delli
941 2933 1059 3000 deuoti
1075 2934 1277 3030 proaederir‚
1292 2935 1422 3020 perche

193 3068 257 3116 con
279 3049 402 3117 efferto
429 3047 451 3115 l'
472 3048 670 3118 edification
692 3050 808 3117 chela
829 3048 1046 3137 Compagnia
1073 3050 1119 3117 dir
1145 3048 1363 3137 insegnando
1387 3062 1424 3119 et

193 3166 363 3235 seruando
389 3165 412 3231 li
440 3164 600 3253 prossimi
628 3163 737 3253 gratis
758 3186 827 3232 non
848 3164 877 3233 si
895 3168 966 3252 puo
986 3165 1048 3232 dar
1068 3164 1257 3233 iacilmenti
1282 3166 1425 3249 quando

192 3281 306 3349 hanno
322 3282 366 3348 de
381 3282 576 3351 mendicare
592 3280 616 3348 il
633 3303 697 3349 suo
715 3280 813 3362 uitro,
832 3280 855 3348 il
871 3282 937 3349 che
951 3301 1018 3369 pur
1033 3281 1052 3348 ὲ
1069 3279 1263 3349 necessario
1279 3302 1317 3349 se
1333 3282 1422 3348 altra

192 3397 387 3483 prouisione
403 3420 472 3464 non
488 3418 528 3465 ce
545 3399 592 3478 ta,
616 3400 683 3467 che
704 3418 805 3485 possa
825 3398 942 3467 leuare
962 3396 987 3462 il
1007 3396 1155 3483 bisogno
1176 3397 1265 3463 della
1285 3396 1420 3493 mendi·

192 3510 269 3593 citi,
288 3514 403 3601 quale,
420 3534 520 3583 come
535 3514 557 3579 l’
576 3512 772 3581 abraciamo
787 3512 1078 3591 amoreuolmente
1090 3512 1180 3581 nelle
1192 3532 1271 3578 case
1283 3512 1327 3578 de
1338 3533 1416 3598 pro·

195 3627 283 3711 sessi,
303 3627 377 3699 cosi
393 3630 426 3696 la
441 3639 620 3716 reputamo
637 3628 903 3697 inconueniente
919 3627 1001 3694 nelli
1017 3625 1167 3713 collegii.

255 3744 358 3813 Circa
372 3746 452 3830 quel
468 3746 599 3831 luogho
614 3746 658 3813 de
673 3743 876 3831 monsignor
897 3742 920 3809 il
940 3741 1068 3810 vicario
1089 3754 1124 3811 et
1144 3740 1167 3807 il
1189 3741 1335 3829 disegno
1355 3764 1423 3810 suo

194 3858 225 3925 d’
242 3860 372 3927 alteuar
387 3858 553 3947 giouanni
565 3861 631 3926 che
642 3858 740 3927 siano
751 3857 865 3927 idonei
879 3880 939 3945 per
950 3859 983 3925 le
994 3856 1168 3949 parochie,
1182 3857 1421 3926 meritamente

194 3973 286 4060 piace
303 3976 336 4043 31
352 3974 526 4043 cardinale
541 3988 576 4042 et
592 3998 612 4041 3
627 3974 711 4063 ogni
728 3995 797 4042 uno
813 3977 879 4045 che
894 3973 1051 4043 desidera
1066 3974 1098 4039 la
1114 3973 1229 4039 buona
1246 3993 1330 4039 cura
1341 3974 1421 4042 dell’

196 4089 304 4159 anime
324 4092 413 4161 nella
433 4090 561 4159 diocesi
582 4092 626 4157 de
647 4090 807 4177 Perugia3
831 4100 865 4159 et
888 4088 978 4155 simil
999 4109 1104 4174 opere
1125 4088 1159 4155 ta
1174 4087 1382 4158 cominciare
1397 4088 1421 4156 il

197 4228 404 4244 Qua——

245 4295 253 4327 ¹
290 4296 336 4351 Ex
348 4294 451 4351 codice
465 4296 588 4369 Regnat.
605 4296 633 4363 I,
646 4294 698 4351 iol.
717 4293 766 4363 37.

244 4386 255 4417 ⁸
292 4400 358 4441 3...
375 4384 432 4439 sub
444 4383 534 4440 tinem
551 4382 684 4455 ejusdem
703 4383 813 4439 mensis
830 4380 1049 4455 [Septembris]
1065 4380 1160 4436 nostri
1178 4380 1299 4437 omnino
1315 4379 1351 4436 ad
1370 4398 1423 4439 no·

197 4484 264 4616 {3111}
282 4474 381 4618 1303333
399 4473 595 4545 migratum
616 4472 797 4543 Focaneus,
821 4474 946 4536 Chion„
969 4470 1023 4543 111,
1047 4482 1093 4540 55.
1120 4468 1177 4529 Cf.
1196 4468 1420 4542 0333333333,

245 4650 257 4683 ⁸
269 4606 275 4632 ¹
291 4603 415 4708 Fritvius
428 4650 563 4709 Corneus
576 4650 733 4709 cardinalia
744 4650 912 4725 perusinus.

246 4740 257 4773 ⁸
292 4742 423 4813 Joannes
436 4739 537 4800 Oliva.
