3567 5409
460 510 565 569 Elusa.
585 507 741 580 3758.-18
759 508 961 588 summare
981 507 1051 579 1553
1282 520 1334 579 4⁹1

148 663 288 749 puoiche
304 672 399 730 tanta
415 673 519 749 gente
534 660 715 730 souerchia
730 661 823 731 tiene
838 662 871 728 la
886 663 928 730 R.
947 662 1012 743 V.‚.
1025 660 1205 749 risguarde
1223 680 1262 727 se
1283 681 1374 747 puo-

148 781 199 845 tra
214 776 334 848 lomire
349 777 452 847 etiam
468 777 556 845 ditto
570 776 718 867 collegio
733 779 778 847 de
795 778 913 859 Malta;
929 788 965 845 et
986 778 1031 844 N.
1056 779 1113 861 Ρ.,
1136 785 1244 857 certo,
1267 778 1373 844 haue·

148 892 195 961 ria
209 916 229 959 a
243 894 377 981 piacere
393 895 459 961 che
475 894 618 962 londase
633 895 678 962 V.
697 896 738 963 R.
757 892 860 965 etiam
876 892 913 960 in
929 892 1025 961 ltalia
1041 893 1189 978 qualche
1209 890 1371 979 collegio,

148 1012 268 1096 perche
284 1032 352 1078 non
368 1010 541 1097 possiamo
556 1031 623 1096 qua
639 1032 700 1098 per
719 1009 864 1079 carestia
885 1010 929 1078 de
949 1019 1067 1096 gente,
1090 1018 1316 1095 quantunque
1335 1008 1373 1075 in

147 1125 297 1195 Arimino
313 1129 345 1195 la
365 1127 552 1197 deuotione
578 1126 613 1193 di
640 1128 753 1213 quella
773 1126 856 1194 citra
875 1127 982 1194 molto
1002 1125 1036 1193 ci
1055 1125 1185 1212 obliga,
1207 1124 1308 1211 quale
1328 1126 1373 1192 ha

147 1241 227 1309 sarto
241 1264 301 1331 per
315 1244 436 1313 lettere
451 1244 557 1311 molta
572 1243 734 1311 instantia
750 1244 845 1311 accio
861 1242 1059 1329 qualchuno
1073 1241 1122 1328 gl'
1139 1241 1268 1309 andase
1283 1264 1304 1309 a
1320 1240 1371 1307 ui-

145 1356 255 1440 sitare3
272 1371 308 1426 et
323 1359 482 1427 andando
498 1358 522 1426 il
537 1360 599 1427 Dr.
619 1359 732 1427 Olaue
747 1380 809 1445 per
824 1357 927 1445 pochi
941 1356 1068 1444 giomi,
1085 1356 1108 1423 l'
1129 1358 1244 1424 hanno
1263 1355 1370 1423 molto

144 1475 397 1542 accharecciato
416 1484 463 1557 et,
486 1474 653 1543 faccendo
675 1474 867 1561 conseglio,
888 1474 915 1541 l’
937 1475 1055 1541 hanno
1075 1470 1133 1559 poi
1154 1471 1306 1541 mandati
1330 1489 1369 1541 12

145 1588 179 1653 d’
204 1609 291 1669 esso,
321 1589 549 1678 offerendogli
570 1589 614 1657 de
634 1600 729 1677 parte
749 1590 839 1658 della
859 1590 942 1657 citui
964 1604 982 1674 5
1004 1587 1124 1676 luoghi
1145 1586 1265 1671 buoni,
1290 1588 1370 1656 delli

143 1703 231 1789 quali
245 1705 399 1792 elegesse
416 1727 497 1787 uno,
515 1706 595 1790 qual
612 1726 749 1793 paresse
764 1705 823 1792 piu
839 1706 871 1773 al
887 1704 1062 1791 proposito
1082 1725 1143 1792 per
1164 1706 1197 1771 la
1217 1704 1368 1791 Compa-

144 1818 232 1904 guia,
250 1831 285 1887 et
300 1822 365 1889 che
380 1820 454 1888 loro
472 1820 731 1888 fabricarebeno
746 1830 838 1888 tutto
853 1820 966 1907 quello
982 1820 1017 1888 di
1033 1819 1093 1907 piu
1108 1822 1174 1888 che
1186 1818 1369 1907 bisognas·

142 1954 190 2015 se;
207 1948 242 2005 et
262 1947 392 2022 quanto
412 1936 479 2006 alle
498 1958 610 2023 spese,
632 1938 698 2003 cbe
717 1937 1001 2024 prouederebeno
1016 1935 1366 2003 abbundantemente.

143 2049 179 2117 Sl
195 2053 260 2120 che
275 2052 320 2120 V.
339 2052 379 2119 R.
396 2052 485 2121 neda
499 2051 529 2119 si
542 2052 644 2120 uuole
660 2053 801 2119 mandat
812 2053 856 2121 de
868 2073 931 2119 sua
942 2063 1048 2139 gente
1062 2050 1098 2118 in
1111 2071 1179 2135 qua
1190 2071 1251 2137 per
1263 2048 1370 2117 lornir

142 2166 232 2234 detto
243 2166 401 2255 collegio.
421 2170 477 2237 Ma
493 2168 618 2254 perche
633 2168 679 2234 mi
696 2179 802 2256 tengo
817 2189 878 2255 per
894 2164 1051 2253 risposta,
1069 2166 1219 2234 secondo
1236 2166 1268 2231 la
1284 2186 1368 2232 con-

141 2284 316 2352 suetudine
331 2284 376 2352 de
391 2285 435 2352 V.
455 2286 509 2367 R.,
526 2283 570 2351 de
585 2282 771 2363 domandar
787 2304 921 2371 sempre
936 2282 995 2370 pib
1008 2293 1114 2369 gente
1126 2280 1162 2348 di
1171 2282 1288 2367 quella
1301 2282 1368 2349 che

144 2396 241 2480 tiene,
259 2400 334 2467 diro
349 2401 415 2470 che
429 2410 619 2487 aspettamo
635 2400 679 2467 de
694 2399 730 2467 (Ιι
746 2399 781 2467 in
797 2399 833 2469 dl
856 2398 962 2485 quelli
981 2400 1047 2467 che
1070 2396 1114 2464 V.
1133 2400 1178 2466 R.
1201 2418 1252 2480 sa,
1271 2395 1369 2465 accib

142 2510 169 2578 si
193 2536 340 2601 possono
368 2514 516 2613 mandatx
536 2514 571 2581 di
587 2535 655 2600 qua
681 2514 771 2595 altri,
796 2516 924 2601 perche
939 2535 1008 2581 non
1028 2512 1202 2601 partirano
1223 2512 1325 2581 insin'
1348 2534 1369 2579 a

144 2638 233 2697 tanto
248 2632 312 2699 che
330 2630 374 2700 V.
393 2632 435 2699 R.
455 2628 560 2697 habbi
577 2631 737 2699 mandato
752 2630 776 2697 li
791 2628 868 2698 suoi
884 2630 910 2697 ⁸.

203 2746 255 2815 De
274 2746 432 2814 Gerardo
451 2756 488 2813 et
508 2726 691 2815 Theodoro
712 2746 739 2827 ⁴,
763 2745 886 2833 poiche
911 2747 956 2814 V.
980 2747 1024 2813 R.
1046 2765 1085 2813 se
1106 2755 1271 2813 contenta
1294 2742 1366 2831 piu,

143 2880 206 2928 non
221 2860 249 2927 si
266 2860 375 2928 faccia
394 2862 480 2929 altra
499 2860 702 2942 mutatione3
725 2871 761 2929 et
780 2861 922 2931 Andrea
942 2859 1071 2929 frisone
1087 2861 1099 2895 ⁸
1115 2859 1208 2927 stara
1224 2861 1313 2928 bene
1331 2857 1368 2925 in

144 2974 296 3057 uescina,
314 2978 530 3047 secondoche
545 2975 578 3043 ci
593 2974 741 3044 informa
756 2976 779 3043 il
790 2977 852 3047 Dr.
872 2978 999 3043 Torres
1015 2978 1043 3045 ⁰.

203 3093 301 3161 Circa
317 3091 341 3159 il
356 3113 558 3181 recuperare
573 3092 606 3163 le
620 3113 701 3159 cose
716 3090 863 3161 alienate
883 3090 962 3161 dell'
986 3090 1110 3171 abatia,
1134 3110 1234 3157 come
1255 3092 1299 3157 V.
1322 3092 1366 3159 R.

143 3228 205 3275 non
219 3212 237 3276 ὁ
253 3208 365 3276 amico
379 3210 423 3275 de
438 3207 603 3289 scandali,
622 3207 696 3275 cosi
713 3208 756 3275 ne
772 3208 882 3277 anche
898 3208 943 3276 N.
963 3210 1020 3290 Ρ.,
1038 3206 1061 3274 il
1077 3206 1179 3292 quale
1198 3205 1228 3274 si
1248 3205 1367 3275 rimet-

143 3326 406 3412 teaquelloche
418 3324 619 3413 giudichera
635 3324 673 3393 S.
693 3326 733 3391 E.
753 3326 764 3359 ¹
781 3325 817 3391 d'
834 3344 929 3392 esser
951 3324 1089 3411 meglio,
1111 3335 1147 3391 et
1167 3345 1233 3391 con
1254 3322 1368 3408 quella

143 3445 230 3522 potul
249 3442 283 3509 la
306 3444 349 3512 R.
372 3441 416 3509 V.
439 3441 639 3509 consultare
665 3451 795 3525 quanto
815 3440 866 3507 sia
886 3439 1085 3527 espediente
1113 3460 1297 3526 procurare
1323 3439 1367 3507 de

143 3552 227 3626 dette
243 3566 380 3627 entrate
396 3556 556 3627 alienate.

203 3671 395 3740 Habbiamo
412 3673 544 3741 hauute
559 3673 645 3741 altre
661 3673 782 3741 lettere
803 3673 846 3740 de
867 3670 1027 3739 Valentia
1047 3671 1081 3737 d’
1100 3670 1221 3737 ultimo
1243 3671 1287 3738 de
1303 3672 1366 3759 Ju-

142 3803 217 3871 gno,
245 3799 280 3857 et
308 3810 390 3875 pare
417 3789 450 3857 le
476 3809 558 3857 cose
586 3786 711 3856 uadino
739 3788 828 3856 assai
855 3789 944 3855 bene
972 3808 1038 3855 con
1059 3788 1091 3854 la
1110 3785 1283 3874 presentia
1311 3784 1367 3852 del

150 3934 351 3950 -ι--ι-

189 4009 200 4041 ³
234 4010 279 4067 ct.
294 4010 419 4084 epistola
430 4010 513 4082 3695,
527 4010 579 4067 ubi
588 4010 670 4067 dolet
680 4012 824 4067 Polancue
837 4010 874 4066 de
884 4010 1033 4083 paucitate
1046 4010 1205 4082 sociorum,
1217 4009 1268 4083 qui
1279 4010 1310 4065 in
1320 4010 1366 4066 Si·

143 4094 203 4153 cilia
215 4102 416 4159 versabantur.
431 4100 497 4156 Hoc
511 4110 609 4155 tamen
623 4100 653 4157 in
667 4101 732 4157 loco
744 4100 828 4173 quasi
838 4100 941 4171 jocoee
954 4116 1021 4157 cum
1035 4097 1224 4157 Domenecco
1243 4106 1317 4170 agrt;
1335 4100 1367 4155 iu

147 4181 281 4245 Chronico
294 4200 404 4258 autem,
418 4190 472 4259 ΙΙΙ,
486 4203 550 4260 229,
560 4192 633 4247 baec
645 4189 724 4245 aerio
735 4190 774 4245 de
787 4190 841 4245 hac
855 4188 919 4262 ipsa
930 4207 962 4245 re
980 4188 1093 4247 scribit:
1114 4190 1169 4245 «Et
1186 4188 1217 4246 in
1233 4188 1366 4245 Siciliam

144 4279 308 4343 perveniens
331 4279 493 4352 Episcopus
515 4280 641 4351 urgebat
658 4278 874 4334 Provincialem
893 4285 926 4333 ut
942 4279 1057 4351 aliquos
1074 4278 1133 4334 eibi
1152 4278 1248 4343 daret,
1269 4286 1300 4332 et
1317 4294 1367 4335 ree

146 4357 265 4437 Pro-regi
278 4368 365 4425 valde
377 4369 567 4440 probabatur,
580 4367 634 4423 aed
647 4383 706 4423 nou
719 4374 834 4440 poterat
847 4368 885 4422 ob
905 4369 1057 4440 penuriam
1073 4368 1283 4440 operariorum,
1296 4367 1367 4440 Epi·

145 4464 223 4526 acopo
233 4456 423 4515 Prouincialie
436 4456 636 4513 satisfacere.»

189 4544 200 4578 ⁴
233 4545 381 4603 Gerardue
396 4544 562 4619 Lapidanua
576 4553 607 4602 et
619 4544 792 4602 Theodorus
807 4546 960 4605 Peltanue.

190 4635 201 4668 Ι
235 4634 368 4692 Andreae
381 4634 502 4707 Frisiue,
518 4635 584 4690 eive
597 4633 732 4690 Andreas
744 4634 913 4691 Boccatiue.
928 4633 1004 4691 Vide
1017 4635 1172 4708 epistolam
1184 4634 1267 4705 3742.

190 4723 201 4759 ⁸
234 4726 385 4781 Baltbaear
397 4724 569 4795 Turrianus.
809 4729 819 4761 ⁷
857 4726 989 4797 Joannea
1004 4724 1096 4796 Vaga,
1111 4724 1232 4781 Siciliae
1245 4739 1363 4797 prorex.
