3567 5409
446 413 501 470 702
827 398 1035 455 Mouuueu‘ra
1053 397 1232 458 leuandus

480 553 622 638 Quanto
637 552 703 619 alla
719 550 836 618 chiesa
848 551 882 616 di
895 561 995 618 santo
1007 549 1183 618 Vincenzo
1197 560 1346 618 staremo
1360 551 1515 619 auedere
1524 552 1622 636 quello

414 671 490 735 sara
505 665 656 754 seguit0.
673 667 712 734 In
728 677 851 754 questo
868 687 966 734 mezo
983 687 1065 751 pare
1079 687 1149 732 non
1165 664 1195 731 si
1214 665 1326 752 putria
1346 687 1460 734 errare
1479 667 1624 753 parlando

413 785 446 852 al
461 783 621 870 pieuano,
639 793 674 851 et
689 783 905 869 procurando
921 783 964 848 de
979 781 1098 850 leuarli
1114 779 1147 848 la
1159 802 1265 867 paura
1277 781 1430 849 condire
1442 781 1518 864 che,
1530 780 1625 851 siben

414 899 445 965 ci
461 897 651 967 offerissino
666 898 700 965 la
716 897 858 985 meglior
874 897 1055 984 parrochia
1069 898 1113 965 de
1133 897 1294 978 Modena,
1317 919 1387 964 non
1402 895 1425 963 l’
1441 897 1626 966 accettaria-

413 1036 482 1097 mo,
500 1015 628 1103 perche
645 1035 798 1102 repugna
817 1011 872 1080 all'
889 1012 1047 1082 instituto
1062 1024 1181 1082 nostro
1201 1034 1262 1100 per
1282 1014 1351 1082 due
1366 1013 1435 1082 vie:
1453 1035 1520 1080 una
1537 1036 1591 1100 per
1607 1013 1629 1080 il

414 1129 558 1218 pigliare
578 1151 644 1197 con
664 1128 781 1216 obligo
802 1150 884 1196 cura
906 1130 942 1195 d'
964 1128 1090 1212 anime;
1114 1130 1199 1197 altra
1218 1150 1280 1216 per
1300 1129 1325 1195 il
1344 1120 1489 1216 pigliare
1510 1128 1628 1197 rendite

415 1267 478 1333 per
493 1246 541 1312 tal
556 1267 650 1326 cura;
670 1246 737 1312 che
753 1245 775 1310 l'
794 1265 863 1311 uno
880 1257 915 1313 et
930 1245 954 1311 l’
972 1244 1060 1311 altro
1076 1264 1232 1332 repugna
1247 1245 1282 1311 al
1296 1256 1415 1311 nostro
1435 1243 1628 1310 institutoin

418 1362 464 1428 tal
481 1362 595 1442 mod0,
613 1364 679 1428 che
695 1381 763 1426 non
780 1359 809 1426 si
825 1359 1005 1446 patirebbe
1019 1380 1081 1446 per
1102 1360 1218 1429 niente
1237 1359 1327 1427 nella
1346 1357 1556 1446 Compagnia
1576 1381 1627 1426 no

416 1486 497 1544 stra.
516 1478 560 1544 Et
576 1498 686 1564 segno
701 1475 736 1543 di
753 1486 875 1562 questo
887 1473 932 1564 [e]
945 1477 1009 1543 che
1021 1477 1124 1543 Mtro.
1140 1478 1257 1544 Marco
1270 1473 1423 1542 Antonio
1436 1475 1555 1557 Maleo,
1568 1473 1625 1542 fra·

416 1593 496 1661 tello
511 1593 567 1661 del
583 1591 747 1673 cardinal,
766 1593 822 1659 bo.
841 1613 905 1660 me.
917 1593 943 1674 ⁸,
961 1591 993 1658 ci
1010 1593 1056 1659 ha
1071 1592 1203 1677 perlato
1218 1591 1263 1658 de
1274 1612 1343 1658 una
1354 1611 1418 1659 sua
1434 1591 1627 1678 parrochiale

415 1710 504 1778 delle
519 1709 578 1796 piu
594 1730 714 1796 grosse
730 1708 785 1776 del
802 1709 989 1776 Modenese
1010 1719 1045 1777 et
1067 1729 1137 1775 non
1151 1710 1175 1774 l'
1194 1707 1377 1775 habbiamo
1397 1709 1526 1777 voluto.
1546 1707 1585 1773 Et
1596 1705 1626 1770 in

418 1826 577 1912 Bologna
592 1846 661 1891 non
677 1824 707 1892 si
724 1824 803 1893 uole
819 1824 933 1910 quella
948 1824 983 1890 di
1003 1836 1102 1892 santa
1122 1823 1242 1905 Lucia,
1260 1824 1337 1891 anzi
1357 1823 1386 1891 si
1405 1825 1505 1890 vuole
1522 1822 1627 1889 lasciar

413 1942 438 2006 l'
458 1939 580 2008 istessa
589 1938 713 2010 chiesa
729 1939 783 2007 ch'
799 1941 994 2026 adoperano
1007 1941 1040 2006 al
1057 1952 1216 2028 presente
1227 1961 1294 2008 con
1304 1941 1490 2028 guadaguo
1501 1939 1551 2007 del
1565 1938 1628 2024 pie-

417 2077 520 2137 uano,
538 2065 621 2138 etc.;
640 2071 675 2122 et
692 2056 840 2125 nolendo
856 2055 880 2121 il
896 2055 1044 2142 pieuano
1055 2055 1262 2124 assecurarsi
1278 2077 1344 2122 con
1360 2065 1499 2142 patente
1513 2055 1630 2140 aqual-

415 2171 566 2258 siuoglia
581 2169 793 2258 obligatione
809 2173 852 2240 de
868 2174 913 2242 N.
933 2173 973 2239 P.
992 2183 1028 2238 et
1043 2172 1099 2238 del
1115 2171 1262 2258 collegio
1276 2171 1411 2253 istesso,
1429 2171 1460 2238 si
1474 2171 1540 2258 puri
1554 2171 1627 2239 lare.

482 2287 583 2355 Circa
598 2287 622 2353 il
638 2307 788 2355 vescouo
803 2299 839 2354 et
854 2288 887 2354 le
902 2309 965 2356 sue
981 2286 1092 2374 gratie
1108 2285 1186 2354 dico
1198 2298 1250 2354 tre
1266 2307 1360 2355 cose:
1377 2287 1429 2354 La
1445 2286 1562 2372 prima,
1573 2288 1630 2352 che

416 2413 533 2471 nostre
550 2401 662 2490 gratie
677 2406 767 2470 hano
784 2403 831 2470 tal
847 2403 1013 2483 clausula,
1031 2405 1097 2472 che
1118 2425 1188 2470 non
1203 2404 1335 2471 cadeno
1355 2414 1431 2470 soto
1451 2404 1569 2468 alcune
1581 2424 1626 2468 re

417 2518 600 2600 uocationi,
614 2530 698 2600 etc.,
717 2519 813 2586 sede
829 2519 938 2586 uerbo
957 2519 1001 2585 ad
1022 2519 1167 2585 uerbum
1188 2540 1257 2586 non
1273 2518 1302 2584 si
1324 2517 1447 2585 lacessi
1468 2516 1631 2585 mentione

415 2656 589 2719 expressa.
608 2635 658 2702 La
675 2635 741 2715 2.⁸,
759 2636 824 2702 che
840 2646 964 2720 questo
980 2656 1069 2721 papa
1093 2635 1137 2702 ha
1158 2634 1340 2701 riualidato
1362 2645 1454 2702 tutte
1475 2635 1509 2702 le
1527 2643 1633 2701 nostre

414 2749 525 2837 gratie
541 2749 621 2818 nelli
639 2749 748 2817 ultimi
765 2749 875 2819 breui.
895 2752 945 2818 La
962 2749 1028 2836 3.⁸‚
1047 2753 1112 2818 che
1124 2759 1350 2838 quantunque
1364 2748 1387 2815 l'
1402 2749 1581 2817 habbiamo
1594 2749 1629 2814 li·

412 2867 494 2934 bere
510 2875 546 2934 et
562 2887 631 2932 non
647 2877 824 2951 sotoposte
839 2866 873 2934 al
888 2865 1029 2932 arbitrio
1044 2865 1125 2932 delli
1138 2864 1291 2950 uescoui,
1305 2867 1373 2934 che
1388 2866 1434 2933 N.
1456 2869 1495 2933 Ρ.
1513 2865 1633 2952 vuogle

412 2980 509 3048 siano
531 2992 721 3067 sottoposte
742 2993 776 3047 et
797 2983 863 3048 che
882 3002 953 3047 non
972 2981 1003 3048 si
1023 2980 1209 3069 adoperino
1229 3003 1268 3050 se
1288 3002 1359 3047 non
1378 2984 1458 3048 sara
1480 2991 1633 3049 contento

412 3096 612 3182 monsignor
627 3096 662 3162 di
679 3097 827 3166 Modena
841 3098 907 3164 che
922 3095 1021 3164 siano
1033 3097 1230 3183 adoperate;
1245 3107 1281 3164 et
1292 3117 1359 3164 con
1370 3099 1404 3164 la
1419 3097 1564 3164 missura
1573 3097 1632 3163 che

313 3221 316 3228 ’
411 3211 459 3279 lui
483 3213 589 3278 uorrd
613 3213 643 3278 s'
666 3213 914 3298 adoperaran0.
938 3210 1024 3281 Dirc
1048 3211 1151 3280 etiam
1174 3212 1218 3281 de
1239 3213 1298 3300 pid
1317 3215 1395 3294 che,
1419 3223 1633 3297 quantunque

412 3327 493 3395 fossi
507 3327 621 3394 ualida
633 3330 666 3394 la
681 3327 792 3413 gratia
804 3327 859 3395 del
872 3349 1022 3395 vescouo
1034 3328 1069 3394 di
1081 3329 1231 3396 Modena
1242 3349 1302 3414 per
1315 3330 1526 3416 suspendere
1541 3330 1563 3394 l'
1574 3350 1632 3395 uso

411 3444 500 3512 delle
522 3456 639 3511 nostre
661 3444 751 3511 nella
773 3465 835 3510 sua
856 3442 998 3524 diocesi,
1024 3465 1066 3510 eo
1089 3443 1163 3529 ipso
1184 3443 1299 3513 chesi
1323 3443 1479 3513 contenti
1501 3447 1564 3511 che
1582 3442 1631 3510 noi

412 3560 545 3628 usiamo
557 3571 673 3628 nostre
686 3559 808 3646 gratie,
823 3567 981 3646 potremo
994 3560 1118 3639 usarle,
1130 3559 1233 3627 etiarn
1245 3560 1326 3628 nelli
1337 3560 1409 3627 casi
1421 3561 1548 3647 papali,
1560 3572 1631 3640 etc,

410 3675 467 3742 alli
484 3675 577 3761 quali
594 3699 663 3743 non
679 3675 708 3743 si
723 3677 866 3743 estende
883 3677 974 3743 forsa
989 3673 1012 3741 l'
1028 3675 1177 3743 autoritri
1193 3676 1249 3743 del
1263 3672 1415 3746 vescouri
1426 3679 1452 3746 ⁰.
1472 3679 1516 3742 Et
1527 3677 1570 3745 de
1584 3675 1632 3741 his

410 3792 506 3859 satis.

479 3909 620 3994 Quanto
636 3909 692 3974 all'
710 3909 837 3975 andata
853 3908 897 3977 de
913 3907 957 3975 V.
977 3909 1019 3975 R.
1043 3930 1063 3974 a
1085 3907 1231 3977 Venetia
1253 3910 1297 3975 ha
1312 3909 1405 3976 'fatto
1424 3909 1506 3976 ben'
1529 3910 1569 3975 de
1589 3909 1631 3974 la·

410 4023 544 4105 sciarla,
575 4025 774 4093 trouandosi
803 4026 971 4106 malsano,
999 4025 1087 4092 oltra
1109 4025 1132 4090 l'
1162 4024 1310 4112 impachi
1329 4033 1374 4093 de
1394 4027 1550 4120 Modena
1573 4023 1634 4092 Dio

424 4151 453 4158 ..-
463 4151 622 4158 -ω-,ι--ι-

464 4201 475 4230 ⁵
512 4193 710 4249 Bernardinus
730 4193 877 4266 Maffejus,
897 4193 1065 4249 cardinalis.
1084 4193 1241 4250 «Decessit
1259 4193 1370 4250 Romae
1388 4194 1519 4267 optimus
1536 4204 1566 4250 et
1578 4195 1632 4249 lon·
1751 4208 1753 4259 l

407 4282 485 4354 giori
497 4283 560 4338 vita
573 4283 764 4354 dignissimus
779 4283 934 4339 Praesul...
952 4295 994 4352 17.
1006 4283 1073 4339 Kal.
1085 4284 1164 4354 Aug.
1177 4281 1256 4353 1553.
1270 4283 1378 4339 aetatis
1394 4301 1466 4339 suae
1482 4283 1552 4355 39...
1568 4283 1632 4338 un·
1751 4268 1753 4291 ¹

408 4389 462 4428 cus
476 4372 623 4428 Antonius
637 4373 791 4440 Mallaeus,
803 4372 1018 4430 Bernerdini...
1031 4371 1134 4443 irater,
1147 4391 1165 4428 a
1175 4373 1254 4444 Julio
1262 4373 1313 4428 111.
1324 4373 1514 4431 constituitur
1522 4372 1633 4447 quintus

408 4463 553 4518 Teatinae
566 4461 717 4516 Ecclesiae
732 4461 981 4533 Archiepiscopus
995 4479 1054 4517 uno
1067 4462 1106 4516 ab
1117 4463 1200 4518 obitu
1213 4461 1312 4518 fratris
1323 4461 1385 4535 die,
1403 4475 1433 4533 17
1445 4463 1517 4536 Julii
1539 4459 1631 4532 1553.o

409 4553 596 4620 Uenutius,
611 4551 703 4605 Italia
717 4569 817 4615 sacro,
835 4551 886 4620 Vl,
900 4550 965 4619 760.

461 4643 472 4675 ⁶
511 4639 652 4697 Videatur
665 4638 758 4695 dehis
774 4639 957 4712 Potentem,
973 4639 1098 4707 Cicron„
1112 4641 1167 4712 111,
1189 4641 1249 4702 160.
