3567 5409
392 466 448 525 7⁴⁰
753 454 964 511 llonnume
982 454 1162 512 tenetisne

352 630 421 675 nus
433 619 470 677 et
484 606 712 675 canoeuanus
728 610 739 643 ¹
755 608 878 677 deesse
893 605 1023 693 potuit?
1033 608 1158 676 Hoene
1173 605 1264 677 inter
1278 608 1471 677 catholicos
1480 608 1516 677 in
1527 612 1588 679 du·

352 722 447 791 bium
464 735 649 791 reuocatur
662 726 730 790 hac
744 722 868 790 misere
880 732 1098 809 tempestate,
1110 723 1204 809 quod
1216 735 1417 793 constanter
1427 724 1466 793 in
1477 728 1585 797 eecle-

350 839 402 907 sie
416 840 495 921 Dei,
512 852 548 908 et
564 839 744 925 exemplis,
759 850 796 907 et
810 839 920 920 libris,
936 850 975 906 et
987 839 1166 907 communi
1178 861 1298 922 sensu,
1315 842 1427 911 sancti
1442 854 1479 911 et
1495 843 1587 919 docti

349 978 469 1024 omnes
486 959 689 1026 tenuerunt?
704 958 837 1025 Revera
852 954 1012 1024 iniuriam
1025 954 1221 1025 videremur
1236 955 1320 1025 viris
1331 957 1539 1027 doctissimis
1550 972 1586 1029 et

350 1072 627 1161 relligiosissimis
638 1073 803 1155 taceresi
815 1072 943 1141 nostris
953 1070 1214 1159 probationibus
1226 1092 1380 1143 asserere
1392 1074 1582 1155 veritatem,

351 1198 402 1255 tot
419 1190 550 1257 seculis
568 1200 640 1257 tam
659 1189 836 1257 cummuni
853 1208 1026 1257 consensu
1046 1198 1289 1270 contestatam,
1316 1188 1518 1259 niteremur.
1547 1190 1585 1261 Si

347 1326 445 1393 ergo,
464 1308 583 1387 Pater,
598 1304 776 1373 existimas
790 1326 919 1393 operae
933 1302 1086 1391 precium
1104 1304 1191 1385 fore,
1207 1316 1245 1371 vt
1265 1312 1406 1393 propter
1425 1305 1583 1375 homines

346 1420 439 1503 illos,
454 1420 490 1489 in
511 1430 662 1491 errorem
682 1422 857 1502 inductos,
881 1420 1012 1507 aliquid
1031 1418 1122 1489 serio
1141 1419 1328 1504 scribatur,
1349 1420 1386 1489 id
1406 1442 1475 1509 age
1495 1424 1585 1509 apud

346 1534 522 1605 dominum
546 1537 802 1619 cancellarium,
824 1548 867 1603 vt
882 1536 1083 1617 diffinietur,
1101 1558 1147 1603 an
1163 1534 1367 1604 inconsultis
1388 1537 1445 1606 vel
1466 1536 1583 1606 inuitis

345 1652 546 1737 perentibus
560 1654 664 1721 liceat
678 1653 820 1721 adultos
831 1652 1048 1738 relligionem
1062 1652 1202 1732 intr-erm
1222 1650 1298 1720 eius
1308 1650 1401 1720 enim
1414 1652 1519 1719 officii
1531 1666 1584 1723 est

344 1768 485 1855 (nedum
501 1768 691 1855 charitatis)
705 1768 789 1836 buic
802 1768 910 1838 errori
922 1788 988 1837 sua
997 1778 1034 1837 et
1044 1768 1191 1835 aliorum
1203 1766 1410 1837 auctoritare
1422 1789 1583 1839 oecurre—

343 1905 393 1953 re.
412 1884 451 1953 Si
471 1897 586 1953 tamen
607 1886 720 1953 adhuc
737 1884 824 1954 velis
837 1885 930 1972 apud
946 1906 1011 1953 nos
1025 1883 1062 1951 id
1074 1883 1226 1965 tractari,
1238 1882 1353 1953 scribe
1362 1886 1532 1969 secundo,
1548 1898 1583 1955 et

343 1999 415 2083 fiet,
432 2000 513 2069 lieet
528 2001 690 2087 occupati
704 2001 791 2068 satis
803 2021 925 2067 omnes
940 2020 1062 2069 snmus
1076 2002 1102 2068 ⁸.

343 2150 347 2155 ’
409 2116 497 2184 Vale
514 2116 664 2198 interim,
687 2115 889 2184 charissime
909 2118 1028 2197 Pater,
1047 2126 1083 2183 et
1103 2136 1168 2203 pro
1188 2115 1290 2185 nobis
1307 2138 1370 2185 ora,
1387 2116 1579 2186 Dominum

345 2252 426 2300 curn
440 2230 517 2300 eliis
531 2232 661 2301 nostris
680 2232 857 2301 tratribus.

406 2350 518 2434 Spero
531 2348 599 2415 iem
616 2347 815 2435 peruenime
830 2348 876 2414 ad
891 2366 967 2428 vos,
986 2347 1069 2415 dum
1086 2350 1172 2417 baec
1184 2347 1310 2431 scribo,
1325 2350 1363 2417 Ρ.
1380 2350 1477 2436 Mag.
1494 2352 1578 2419 Ber-

339 2466 486 2533 nardum
507 2464 703 2533 Oliuerium
712 2484 798 2531 'cum
814 2464 920 2533 fratre
932 2464 1067 2531 Thomu
1078 2464 1105 2531 ⁸.
1120 2463 1286 2534 officiose
1295 2486 1376 2535 eum
1388 2486 1513 2533 omnes
1526 2488 1578 2534 sn·

339 2582 502 2649 letemus.

405 2696 580 2765 Omnibus
594 2695 640 2763 sit
650 2718 784 2783 semper
800 2717 883 2764 vera
899 2696 994 2765 salus
1008 2706 1044 2765 et
1059 2694 1130 2765 vita
1146 2698 1220 2765 X.'¹
1230 2699 1346 2787 Jesm.

406 2814 538 2881 Rornae
552 2813 597 2881 28
611 2811 820 2882 Nouembris
840 2826 937 2897 1553.

405 2932 481 2998 VJ·
496 2931 570 2999 ΗΡ
585 2950 710 2996 seruus
725 2927 761 2995 in
776 2925 941 2997 Domino

402 3048 458 3114 De
472 3046 637 3115 mandato
653 3047 694 3114 P.
713 3046 758 3113 N.
778 3046 826 3112 D.
842 3043 983 3131 Ignatii,

920 3186 1125 3275 lJoerrnns
1142 3206 1191 3255 nn
1207 3188 1395 3256 Pounnco.
1413 3186 1438 3275 †

407 3306 436 3371 A
452 3308 561 3391 tergo,
578 3302 698 3369 eadem
715 3322 835 3369 manu.
855 3300 965 3388 Copia
980 3302 1024 3369 de
1038 3322 1107 3369 vna
1123 3324 1183 3390 per
1200 3302 1361 3371 Louanio.

343 3445 549 3457 -———

386 3523 399 3557 ²
434 3517 574 3574 Ruerdne
584 3518 749 3590 Teppem,
763 3516 804 3573 ‹le
815 3534 874 3590 qno
886 3532 982 3589 eeepe
996 3516 1027 3573 ln
1040 3517 1086 3573 lle
1096 3518 1312 3575 Mortuum
1329 3534 1397 3574 cunr
1410 3516 1499 3575 leude
1510 3516 1572 3589 qi-

339 3626 414 3667 mue.
426 3607 504 3665 Virle
517 3625 619 3681 supra,
632 3607 688 3679 Ill,
700 3620 767 3679 292,
779 3604 844 3678 376,
855 3606 924 3680 607,
936 3606 999 3678 w,
1010 3615 1075 3663 etc.

385 3700 399 3734 ⁸
435 3696 524 3769 Quod
536 3696 686 3753 Adrianus
699 3702 867 3769 optaverat,
881 3694 913 3751 id
925 3694 1044 3751 demum
1059 3694 1208 3768 praestitit
1224 3696 1259 3752 P.
1274 3694 1411 3753 Andreae
1424 3693 1569 3766 Oviedus,

333 3795 367 3843 ut
379 3803 434 3844 suo
444 3788 511 3843 loeo
521 3784 650 3844 dicetur.

288 3907 290 3911 -
384 3877 397 3911 ⁹
433 3875 531 3947 Hujus
549 3874 606 3930 viri
624 3892 792 3947 cognomen
811 3871 905 3929 noetri
923 3874 1085 3946 scriptores
1100 3880 1211 3930 tacent:
1229 3872 1267 3929 de
1289 3872 1445 3947 uniusque
1459 3880 1569 3942 tmen,

330 3963 458 4023 obverti
470 3965 588 4022 scilicet
598 3972 631 4022 et
642 3964 789 4036 Tuom,
799 3964 907 4021 ithere
916 3971 949 4020 et
960 3963 1093 4021 dventu
1101 3972 1196 4037 egunt
1208 3962 1307 4036 Epist.
1319 3962 1449 4038 Miretur,
1458 3962 1512 4035 IV,
1521 3959 1568 4031 36,

332 4055 519 4126 Pounncus,
536 4053 664 4120 Clarum,
678 4053 731 4123 111,
746 4065 809 4124 271.
1238 4046 1240 4051 ’
