3567 5409
487 416 592 473 Enisa.
613 414 1041 504 3838.-18Ocsona1s1553
1293 434 1342 493 59¹

221 570 250 635 Y
265 569 523 639 remitiendome
540 571 574 637 al
590 592 658 656 que
674 570 777 639 llieua
792 572 825 638 la
840 583 1012 658 presente,
1026 575 1216 643 solamente
1229 574 1302 644 dire
1315 596 1382 663 que

151 692 308 751 tenemos
319 706 434 753 nueua
447 706 515 771 que
527 688 632 756 Mtro.
646 684 766 755 Simhn
783 687 794 719 ⁸
812 708 870 756 era
887 688 1023 776 llegado
1038 694 1059 755 a
1075 691 1256 773 Florenza,
1274 713 1299 777 y
1314 713 1383 777 que

153 820 262 888 ruego
277 806 298 867 ά
314 801 400 869 Dios
417 802 461 869 N.
480 802 516 869 S.
534 807 555 867 d
571 803 670 869 todos
686 824 750 869 nos
766 804 810 869 de.
825 824 867 871 su
883 802 1003 891 gracia
1019 805 1191 891 complida
1214 828 1295 893 para
1315 829 1385 892 que

152 935 197 983 su
213 917 405 985 santissima
421 918 589 985 uoluntad
604 918 752 1005 siempre
768 918 948 1000 sintamos,
965 942 988 1006 y
1004 922 1139 1007 aquella
1154 921 1382 993 interamente
1451 1004 1456 1015 Ι

151 1034 375 1120 eomplamos.

222 1152 273 1219 De
290 1150 398 1217 Roma
418 1151 456 1217 18
473 1150 517 1219 de
532 1148 716 1219 Octubref
735 1166 829 1237 1553.

220 1268 417 1353 Inscriptio.
437 1265 623 1334 Brassiano
639 1270 664 1348 ⁵,
682 1288 742 1355 per
753 1268 791 1361 ¹lo
803 1267 1019 1336 inbasciador
1031 1270 1087 1336 del
1100 1290 1137 1336 re
1149 1270 1192 1338 de
1205 1271 1383 1357 Portugal.

567 1514 572 1527 .
715 1466 820 1548 3838

416 1606 677 1675 CARDINALI
699 1607 922 1676 SANCTAE
945 1608 1136 1677 FLORAE

555 1751 644 1796 noun
660 1738 692 1793 18
706 1752 871 1797 occonms
887 1739 956 1810 ¹553
970 1742 990 1797 ¹.

154 1852 255 1929 Rogat
268 1860 303 1910 ut
316 1855 430 1911 Achilli
444 1856 480 1910 de
497 1854 633 1922 Granis,
648 1858 788 1911 auditori
799 1874 862 1922 suo,
879 1858 1038 1913 Societaiis
1051 1875 1174 1913 causam
1192 1876 1261 1914 cum
1279 1860 1389 1915 vicinis

396 1960 544 1999 romanas
557 1945 664 1999 domus
677 1947 948 2019 recognoscendum
961 1948 1142 2002 committat.

222 2070 330 2136 Illm0.
349 2080 384 2137 et
400 2070 499 2137 Rmo.
520 2071 633 2137 Mons.
652 2070 688 2136 in
705 2070 846 2138 Christo
862 2083 973 2141 ossEM>

223 2186 272 2252 La
287 2206 418 2251 somma
435 2182 545 2271 gratia
561 2197 595 2253 et
613 2206 709 2255 amor
731 2196 852 2254 eterno
874 2187 919 2253 de
940 2187 1079 2255 Christo
1098 2190 1143 2255 N.
1168 2189 1205 2257 S.
1231 2189 1333 2255 saluti
1355 2199 1390 2257 et

158 2296 251 2367 uisiti
268 2302 313 2367 V.
332 2300 420 2369 Scia.
441 2302 538 2367 Rma.
559 2320 625 2367 con
641 2301 720 2368 suoi
739 2302 922 2370 santissimi
934 2302 1015 2371 doni
1031 2316 1066 2371 et
1082 2304 1192 2391 gratie
1208 2304 1387 2391 spirituali.

222 2418 324 2502 Dopo
339 2418 372 2482 la
388 2414 513 2502 partita
530 2418 573 2482 de
589 2417 633 2483 V.
653 2417 743 2488 Sria.
761 2419 859 2487 Rma.
878 2439 964 2485 sono
984 2440 1142 2488 soccesse
1163 2420 1287 2488 alcune
1311 2441 1391 2488 cose

159 2552 274 2601 nuoue
290 2530 381 2599 circa
397 2530 422 2596 il
439 2532 582 2618 negotio
599 2533 688 2599 della
704 2532 821 2601 chiesa
840 2544 970 2621 nostra,
989 2556 1144 2604 comesso
1169 2556 1229 2621 per
1250 2536 1287 2604 S.
1311 2536 1349 2603 S.
1372 2558 1392 2601 a

160 2645 204 2713 V.
223 2648 311 2717 Sria.
336 2648 441 2714 lllma.
469 2648 600 2715 Perchi’.
622 2646 645 2712 il
669 2659 884 2735 capomastro
906 2650 1015 2718 Mutio
1035 2654 1134 2719 Muto
1156 2652 1169 2685 ¹
1190 2653 1235 2718 ha
1256 2650 1392 2718 ruinato

160 2782 207 2829 un
222 2750 387 2851 pezzo'de
403 2784 501 2829 muro
518 2763 608 2831 delle
625 2765 732 2849 spalle
748 2765 782 2830 d'
803 2786 870 2832 una
887 2786 982 2846 casa,
1005 2778 1041 2833 et
1060 2768 1090 2834 si
1112 2767 1129 2833 ὲ
1152 2789 1264 2835 messo
1284 2789 1305 2834 a
1327 2768 1388 2834 far'

161 2896 228 2945 una
242 2890 341 2966 porta
357 2900 460 2947 uerso
476 2878 499 2943 il
516 2876 623 2965 luogo
639 2879 728 2947 della
744 2880 992 2962 controuersia,
1011 2904 1071 2967 per
1085 2884 1193 2949 hauet
1206 2883 1265 2969 piis
1278 2883 1393 2950 colore

159 2994 204 3063 de
222 2995 388 3082 impedire
413 2997 477 3063 che
499 3017 568 3061 non
590 2995 619 3061 si
643 2994 727 3061 serti
750 3018 797 3062 un
819 3008 915 3063 certo
939 2996 1062 3079 nicom,
1081 2998 1275 3067 necessario
1292 3020 1353 3085 per
1369 2998 1390 3063 il

158 3108 306 3199 disegno
327 3111 415 3177 della
445 3110 573 3201 chiesa.
598 3112 642 3177 Et
663 3110 735 3177 cosi
759 3111 790 3177 ci
810 3112 828 3179 ὲ
849 3133 950 3198 passo
970 3114 1163 3181 doueuamo
1185 3113 1336 3182 scriuere
1357 3126 1393 3183 et

160 3226 352 3313 supplicare
369 3226 412 3293 V.
432 3226 520 3294 Stia.
541 3228 654 3305 Rma„
678 3227 807 3312 perche
827 3228 860 3294 la
880 3226 1044 3296 dilatione
1064 3230 1229 3315 potrebbe
1250 3249 1393 3297 causare

160 3340 261 3409 alcun
282 3339 561 3420 inconueniente,
585 3341 615 3407 si
635 3341 740 3429 degni
766 3364 824 3428 per
841 3342 963 3409 scritto
983 3354 1205 3412 commettere
1220 3344 1252 3411 la
1269 3343 1394 3431 cogni·
1448 3377 1451 3384 ·

161 3454 253 3526 tione
269 3456 304 3522 di
321 3469 442 3541 questa
465 3478 568 3523 causa
590 3478 610 3523 a
633 3458 740 3525 Mons.
762 3458 898 3525 Achille
920 3460 963 3525 de
986 3458 1137 3541 Grassis,
1160 3452 1203 3526 de
1224 3458 1280 3526 cui
1303 3460 1396 3528 bons

212 3626 222 3668 t
256 3622 383 3683 Ottebre
400 3644 456 3679 ms.

164 3728 373 3742 ———-—-——

85 3830 89 3835 .
212 3779 224 3813 ⁴
259 3776 362 3833 Simon
375 3776 562 3847 Rodericius‚
576 3776 614 3832 de
627 3776 712 3848 cujus
722 3776 854 3833 adventu
863 3786 956 3850 agunt
964 3779 1087 3850 Tonas,
1104 3780 1180 3835 Vidn
1191 3781 1274 3839 del...
1287 3781 1393 3837 Padrs

162 3858 260 3941 otigo
272 3866 398 3938 Laynes,
413 3865 438 3933 Ι,
452 3865 516 3935 3423
531 3866 717 3939 Focaneus
734 3861 860 3931 chron„
873 3866 929 3939 111,
941 3869 978 3936 64
990 3877 1021 3923 et
1032 3868 1079 3937 65.

213 3958 225 3990 ⁸
261 3956 475 4025 (marcentium,
490 3956 658 4027 Braciano,
671 3970 743 4027 opp.
761 3954 928 4028 Hetrurise,
943 3954 981 4011 ad
990 3955 1163 4013 Sabatinum
1176 3958 1303 4015 lacum.»
1315 3960 1391 4017 Fen-

161 4054 285 4117 mms‚
306 4044 433 4101 Lexicoss
449 4043 704 4117 geographicum,
719 4042 800 4114 1,93.

216 4200 222 4231 ¹
261 4198 305 4267 Ex
319 4194 422 4252 codice
435 4196 554 4269 Regest.
572 4196 596 4269 I,
610 4193 662 4254 fol.
676 4208 743 4265 42v.
758 4194 918 4262 -Cartas,
930 4214 960 4256 n.
971 4196 1158 4254 CCCLVIII.

213 4290 223 4320 ¹
261 4284 389 4341 «Mutius
403 4284 493 4340 Muti»
508 4284 705 4341 subscribitur
719 4284 846 4357 abipso,
861 4286 968 4341 litteris
981 4285 1018 4341 sd
1031 4287 1191 4344 Codscium
1206 4288 1283 4345 datis
1297 4290 1331 4345 23
1342 4292 1394 4362 Ju-

161 4373 203 4432 nii
217 4386 295 4446 1549.
310 4375 407 4446 Epist.
424 4374 548 4437 Mistea,
565 4372 604 4443 ΙΙ,
618 4374 669 4443 237
684 4384 714 4429 et
729 4372 790 4432 238.
807 4374 881 4430 Vide
896 4377 993 4431 locum
1006 4385 1037 4432 et
1050 4376 1214 4449 subjectam
1227 4380 1392 4435 annotatio·

163 4480 239 4535 nem,
260 4464 312 4520 ubi
330 4464 471 4521 discimus
489 4466 567 4519 hunc
586 4465 682 4519 virum
703 4480 720 4517 a
740 4466 831 4519 multo
848 4454 909 4535 jam
923 4473 1055 4537 tempore
1074 4467 1184 4549 nostris
1202 4467 1391 4533 adversatum

162 4551 264 4625 luisse,
284 4570 339 4609 nec
362 4570 466 4610 msnus
488 4570 567 4609 nunc
591 4552 687 4608 victas
710 4552 841 4625 dedisse,
862 4554 980 4609 etiamsi
1000 4555 1206 4611 auctoritatem
1229 4574 1312 4613 suam
1336 4558 1393 4613 visi

161 4643 302 4715 pneclari
316 4644 573 4715 interposuissent.
592 4641 638 4700 Cf.
654 4642 751 4715 Epist.
767 4642 891 4707 Mixtus,
906 4644 959 4715 IV,
973 4656 1039 4712 572.
