3567 5409
474 468 579 525 Ense.
600 466 759 538 sne-21
780 466 952 527 Ocronnrs
973 464 1042 537 1553
1275 464 1329 523 603

205 624 253 691 La
268 621 379 711 gratia
394 633 429 691 et
445 644 530 709 pace
546 623 590 690 de
606 620 744 690 Christo
759 634 878 689 nostro
893 619 1012 709 signor
1028 621 1079 689 sia
1090 642 1224 708 sempre
1235 630 1271 688 et
1284 642 1360 688 ere·

132 760 198 808 sca
213 738 247 805 in
264 739 344 806 tutti
360 737 431 809 noi.

202 854 295 943 Hogi
312 856 410 923 tardo
425 856 457 923 ci
473 857 510 922 fu
526 856 608 925 dato
627 856 740 941 quella
763 854 798 923 di
815 858 859 923 V.
885 854 974 925 Sria.
1000 853 1036 923 di
1064 874 1121 938 14,
1140 865 1177 924 et
1199 854 1284 920 altra
1302 852 1358 918 del

131 972 246 1039 Padre
261 972 330 1037 don
341 973 473 1061 Jacobo
489 972 627 1059 Laynez
650 974 693 1065 de
714 991 765 1057 13.
792 973 871 1039 Non
895 970 1126 1058 si-risponde,
1152 991 1213 1057 per
1232 965 1358 1037 esserci

127 1086 226 1155 datte
242 1087 275 1156 le
291 1086 412 1157 lettere
429 1088 485 1155 all'
504 1110 564 1155 ora
580 1090 644 1155 che
663 1088 720 1174 gil
733 1088 762 1155 si
773 1099 787 1128 ⁸
799 1110 905 1158 erano
917 1089 1076 1155 mandate
1088 1089 1111 1154 l'
1126 1088 1224 1169 altre,
1238 1097 1274 1153 et
1287 1094 1360 1153 tro·

130 1202 223 1271 narsi
240 1204 285 1271 N.
305 1205 346 1270 P.
364 1202 553 1291 indisposto
569 1204 626 1274 nel
643 1205 739 1273 letto.
765 1206 836 1271 Pur
851 1203 900 1271 mi
914 1206 958 1270 ha
982 1224 1138 1273 comesso
1160 1202 1321 1273 scriuessi
1336 1227 1358 1271 a

128 1318 173 1384 V.
193 1319 286 1389 Sria.
310 1318 343 1387 la
358 1332 517 1407 presente
532 1342 594 1407 per
609 1320 694 1388 darli
712 1320 810 1387 auiso
826 1321 870 1388 de
886 1322 919 1387 la
934 1330 1099 1388 receuuta
1115 1321 1158 1389 de
1174 1342 1238 1389 sue
1254 1320 1355 1389 lette·

127 1456 177 1514 re,
192 1447 228 1505 et
239 1438 305 1505 che
316 1438 348 1503 la
360 1436 543 1506 settimana
554 1440 619 1507 che
633 1436 733 1505 uiene
744 1438 774 1504 si
786 1435 800 1477 l
814 1436 884 1503 farrl
899 1447 1065 1524 resposta.
1079 1437 1117 1503 ln
1130 1448 1253 1523 questo
1266 1439 1355 1505 mez-

124 1572 167 1617 zo
182 1551 316 1638 suplica
332 1576 352 1621 a
366 1555 400 1621 la
416 1552 504 1622 Sria.
523 1555 568 1621 V.
587 1554 617 1621 ci
634 1552 690 1621 dia
702 1552 800 1622 auiso
815 1553 845 1621 si
859 1553 985 1621 alcuno
997 1552 1088 1620 tiene
1099 1554 1143 1619 de
1155 1553 1179 1618 li
1192 1553 1298 1619 nostri
1311 1554 1354 1619 de

127 1664 284 1747 Corsica,
307 1669 391 1734 hora
407 1669 431 1733 l'
449 1668 575 1736 habbia
592 1668 687 1737 lddio
704 1671 748 1737 N.
767 1669 802 1737 S.
826 1667 996 1737 chiamato
1016 1690 1038 1735 a
1053 1690 1103 1748 se,
1127 1669 1213 1735 hora
1228 1668 1251 1733 l'
1269 1668 1354 1734 hab·

123 1779 181 1847 bia
196 1782 339 1851 laseiato
356 1806 417 1871 per
431 1785 586 1853 lauorare
603 1787 658 1853 nel
675 1806 738 1853 suo
754 1784 912 1853 seruitio.

190 1898 235 1965 Et
251 1918 322 1965 non
338 1902 485 1968 essendo
501 1913 624 1987 questo
639 1923 700 1989 per
716 1900 816 1983 altro,
834 1901 1023 1969 solamente
1037 1901 1208 1988 phregaro
1220 1921 1241 1967 a
1255 1898 1352 1966 lddio

123 2012 165 2077 N.
185 2014 225 2083 S.
244 2036 265 2081 a
282 2015 363 2082 tutti
380 2019 532 2085 conc'eda
547 2016 658 2104 gratia
674 2018 717 2085 de
733 2038 898 2085 conoscer
913 2038 1048 2102 semper
1064 2028 1099 2083 et
1110 2014 1275 2101 exegulre
1286 2036 1350 2081 sua

119 2128 316 2197 santissima
333 2132 491 2202 uolunlel.

184 2245 233 2313 Di
248 2248 358 2313 Roma
373 2265 413 2315 21
433 2248 467 2313 d'
486 2250 633 2319 Ottobre
655 2265 750 2334 1553.
864 2274 866 2279 ·

184 2361 382 2448 Inscriptio.
403 2365 469 2431 Per
485 2367 586 2432 Mtro.
606 2366 781 2435 Thomaso
799 2364 952 2453 Spinola‚
971 2364 1166 2433 aGenoua.

672 2564 778 2644 3848

294 2700 791 2774 ADMINISTRATORIBUS
816 2704 1162 2773 ANNUNCIATAE

515 2848 604 2893 norm
618 2850 649 2893 21
666 2850 824 2895 ocnonms
840 2837 909 2907 1553
923 2838 943 2897 ¹.

116 2942 247 3006 Comiter
260 2955 290 3007 et
302 2949 431 3024 officiose
442 2952 599 3025 significat
610 2954 879 3010 administratores
893 2954 950 3011 Sti.
960 2954 1094 3026 joannis
1108 2968 1214 3008 eorum
1224 2952 1346 3024 petitio·

252 3042 290 3095 ni
299 3042 511 3112 praevertisse,
521 3042 644 3115 illisque
658 3044 865 3101 Salmeronem
872 3044 943 3115 jam
953 3060 1014 3099 esse
1022 3059 1202 3099 concessum.

178 3167 290 3235 Molto
307 3166 483 3255 magnifici
499 3169 630 3257 signori
652 3170 719 3239 mei
741 3171 797 3237 nel
818 3171 945 3257 Signor
967 3181 1085 3237 nostro
1102 3168 1342 3237 observandis-

114 3298 200 3350 snm.

174 3396 225 3463 La
241 3418 377 3465 summa
393 3398 505 3486 gratia
520 3412 555 3467 et
579 3422 694 3469 amore
718 3413 837 3469 eterno
859 3402 903 3467 de
926 3400 991 3468 X.⁰
1013 3412 1131 3469 nostro
1147 3402 1267 3488 signor
1290 3400 1341 3467 sia

113 3527 244 3597 sempre
260 3512 297 3579 in
313 3514 474 3601 aggiutto
489 3527 525 3586 et
540 3519 639 3585 fauor
656 3530 786 3585 nostro

174 3628 233 3695 Ho
250 3640 416 3697 receuuto
432 3633 545 3717 quella
560 3634 604 3703 de
621 3653 660 3717 14
673 3635 761 3703 delle
774 3636 862 3705 Srie.
877 3635 953 3704 VV.
970 3636 1014 3702 Et
1026 3649 1263 3720 quantunque,
1277 3656 1339 3720 per

114 3744 275 3810 lrouarmi
291 3743 326 3811 in
342 3747 428 3814 letto
444 3746 646 3837 indispost0,
666 3750 730 3817 feci
748 3750 927 3820 intendere
941 3776 961 3819 a
975 3750 1030 3818 chi
1042 3750 1233 3817 sollicitaua
1246 3752 1278 3817 la
1291 3749 1338 3816 ri-

112 3870 221 3939 sposta
239 3863 305 3930 che
321 3882 391 3929 non
406 3884 559 3951 pensaua
580 3868 710 3953 poterla
732 3866 792 3936 far'
815 3869 938 3956 hoggi3
957 3889 1034 3954 pur,
1054 3866 1268 3934 trouandomi
1285 3868 1336 3935 al-

112 3987 236 4053 quanto
252 3976 395 4065 meglio,
412 3978 445 4047 la
462 3980 535 4051 saro
551 3980 585 4049 in
603 3985 725 4065 breue,
749 4004 814 4050 con
835 3984 909 4052 dire
931 3985 1014 4064 che,
1040 3983 1130 4051 vista
1153 3984 1185 4051 la
1208 3984 1334 4051 deuota

112 4082 270 4159 instantia
283 4103 320 4160 et
336 4093 458 4163 motiui
475 4107 570 4165 tanto
587 4096 687 4167 x.¹ani
709 4111 745 4167 et
760 4100 820 4187 piel
844 4102 887 4169 de
909 4102 986 4167 VV.
1013 4101 1101 4169 Srie.
1124 4122 1184 4186 per
1207 4103 1334 4167 hauere

113 4218 227 4287 questa
251 4210 514 4299 quadragesima
537 4225 655 4281 nostro
670 4214 814 4297 fratello,
838 4216 860 4282 il
878 4218 980 4284 Mtr0.
1007 4217 1202 4295 Salmeron,
1228 4216 1262 4282 io
1285 4215 1331 4281 mi

114 4308 205 4389 trono
222 4324 331 4392 molto
346 4326 543 4397 desideroso
559 4330 602 4399 de
623 4330 835 4420 compiacere
856 4343 892 4401 et
913 4332 1044 4401 seruire
1060 4332 1126 4400 alle
1142 4330 1231 4400 Srie.
1254 4332 1332 4398 VV.

114 4446 318 4466 Q*—

159 4526 172 4553 ι
204 4512 234 4569 ci
246 4532 302 4573 ms.
341 4518 392 4561 -b
410 4516 438 4572 ci
452 4536 507 4577 ms.

113 4616 315 4640 5——

157 4680 166 4713 ¹
200 4684 245 4740 Ex
258 4684 361 4743 codice
374 4687 493 4762 Regem.
509 4689 534 4757 I,
548 4688 598 4747 lol.
613 4687 837 4758 43r.-Cartas,
853 4708 882 4749 n.
897 4690 1051 4749 CCCLXI.
