3567 5409
428 470 481 540 ⁶42
809 470 1016 525 Monousnn
1035 469 1214 524 lonnnnnn

461 625 511 692 La
527 645 658 691 somma
673 625 785 710 gratia
800 635 835 692 et
851 645 948 690 amor
963 635 1083 692 eterno
1098 623 1143 690 de
1157 621 1298 689 Christo
1312 622 1358 688 N.
1373 621 1413 690 S.
1425 621 1475 687 sia
1485 642 1607 707 sempre

394 729 433 807 in
446 739 591 827 agginto
606 750 642 808 et
659 740 756 807 fauor
773 749 902 808 nostro.

462 857 529 923 Per
545 855 687 924 essenni
702 856 798 922 datta
813 854 914 936 tardi,
932 865 968 922 et
984 854 1085 922 anchi
1101 854 1264 922 trouarmi
1280 854 1489 940 indesposto,
1504 853 1534 918 la
1548 854 1604 921 let·

394 985 467 1040 tera
482 971 516 1038 di
533 973 612 1040 VV.
631 971 719 1041 Srie.
737 969 772 1039 di
794 989 833 1054 14
849 971 905 1038 del
920 982 1092 1058 presente,
1112 992 1181 1037 non
1196 972 1243 1037 ho
1258 973 1344 1037 fatto
1360 980 1512 1056 resposta
1524 969 1546 1034 l'
1561 969 1605 1035 al·

394 1099 449 1156 tro
466 1089 623 1156 sabbato.
641 1088 691 1155 La
707 1088 779 1153 saro
796 1089 919 1156 adesso
933 1086 970 1153 in
986 1089 1094 1155 breue
1114 1109 1134 1154 a
1157 1088 1272 1172 quella
1295 1097 1330 1155 et
1349 1087 1372 1152 l'
1393 1086 1479 1154 altra
1496 1083 1529 1150 di
1548 1103 1598 1151 21.

394 1203 494 1272 Circa
509 1205 543 1271 lo
555 1215 569 1244 ⁸
585 1203 818 1290 alogiamento
835 1203 869 1270 di
882 1214 1000 1270 nostro
1013 1203 1149 1270 fratello
1161 1205 1264 1270 Mtro.
1279 1203 1430 1288 Laynez‚
1445 1200 1490 1268 mi
1501 1199 1604 1287 pareli

392 1320 444 1388 sia
461 1331 560 1386 usata
575 1320 680 1386 molta
696 1318 827 1388 charita
844 1333 879 1387 et
896 1316 1085 1386 humanitti.
1105 1320 1149 1385 Et
1171 1317 1295 1405 poiche
1317 1319 1347 1384 si
1371 1329 1470 1386 troua
1491 1315 1610 1406 meglio

392 1435 473 1502 nell'
498 1433 659 1521 hospital,
685 1433 936 1502 considerando
959 1433 984 1499 il
1007 1433 1166 1520 maggior
1189 1433 1332 1502 seruitio
1347 1435 1380 1502 d’
1393 1433 1488 1500 lddio
1502 1433 1541 1500 N.
1556 1433 1602 1507 S..

392 1572 463 1617 non
479 1551 644 1618 accadera
660 1551 746 1616 altra
769 1547 962 1618 mutatione
979 1551 1004 1616 ¹.
1031 1552 1085 1619 De
1101 1550 1134 1616 la
1158 1571 1242 1616 cura
1261 1561 1297 1618 et
1312 1548 1533 1617 solecitudine
1546 1551 1604 1617 che

392 1677 566 1734 mostrano
581 1667 614 1732 le
627 1663 713 1734 Srie.
734 1666 811 1733 VV.
831 1685 933 1751 sopra
949 1664 1016 1748 cio,
1035 1664 1059 1731 li
1075 1665 1151 1732 sara
1168 1664 1265 1732 lddio
1281 1666 1326 1732 N.
1346 1666 1382 1734 S.
1409 1666 1478 1731 bon
1502 1683 1601 1730 remu·

393 1792 563 1850 neratore.

458 1901 512 1966 De
523 1900 588 1965 che
602 1897 652 1964 sia
668 1895 832 1964 sodislata
848 1897 881 1963 la
897 1896 980 1963 cina
997 1917 1063 1964 con
1078 1899 1111 1964 le
1125 1896 1348 1983 predicationi
1361 1896 1405 1963 de
1417 1898 1516 1963 Mtro.
1528 1897 1605 1981 Lay-

394 2035 470 2094 nez,
489 2015 595 2080 molto
618 2012 664 2078 mi
687 2032 773 2078 sono
790 2013 986 2099 ranegrato,
1012 2023 1048 2080 et
1070 2011 1107 2079 lo
1122 2016 1200 2080 saro
1227 2012 1297 2098 pin,
1321 2011 1529 2080 intendendo
1546 2013 1606 2078 che

392 2128 501 2198 riesca
518 2129 663 2214 qualche
679 2130 775 2195 buon
791 2130 900 2198 frutto
914 2127 1092 2216 spirituale
1104 2151 1125 2194 a
1141 2128 1252 2216 gloria
1267 2126 1302 2194 d'
1318 2128 1413 2195 lddio
1425 2129 1469 2196 N.
1488 2129 1524 2198 S.

460 2243 561 2312 Circa
579 2245 611 2311 la
638 2245 760 2313 lettera
776 2266 838 2332 per
856 2245 923 2311 don
949 2244 1158 2326 Theutonio,
1185 2254 1304 2311 nostro
1328 2245 1474 2325 fratello,
1496 2243 1608 2331 poiche

391 2361 467 2428 sarai
484 2360 609 2448 partito
625 2362 649 2426 il
665 2370 888 2428 conseruator
904 2362 930 2440 ³,
948 2363 1051 2428 credo
1067 2361 1090 2426 li
1107 2360 1184 2428 sarai
1199 2370 1289 2428 stata
1300 2361 1414 2428 datao
1429 2382 1510 2430 uero
1520 2382 1606 2426 man·

389 2477 470 2544 data
486 2498 547 2563 per
562 2479 648 2544 altra
664 2477 731 2544 via.

458 2592 651 2660 Habbiamo
672 2594 805 2659 hauuto
825 2615 905 2661 caro
920 2593 955 2660 d’
981 2593 1160 2662 intendere
1175 2595 1219 2660 de
1239 2592 1263 2660 li
1279 2593 1386 2660 nostri
1402 2593 1439 2660 di
1462 2593 1603 2673 Corsica;

389 2719 425 2775 et
460 2729 563 2794 sopra
595 2707 701 2793 quelli
731 2719 765 2777 et
797 2709 884 2777 altre
911 2729 1004 2790 cose,
1033 2710 1159 2795 perche
1187 2708 1303 2778 scriue
1330 2719 1448 2775 nostro
1470 2707 1604 2788 fratello,

393 2826 495 2892 Mtro.
514 2824 663 2909 Laynez,
682 2846 751 2890 non
768 2823 842 2891 diro
859 2826 960 2904 altr0,
978 2848 1016 2894 se
1033 2845 1103 2890 non
1125 2827 1191 2892 che
1211 2823 1258 2888 mi
1280 2836 1381 2892 trouo
1404 2823 1609 2912 paratissimo

391 2940 542 3006 secondo
557 2940 589 3007 le
605 2953 722 3006 nostre
737 2940 861 3008 debole
878 2941 968 3009 forse
984 2952 1020 3007 et
1036 2938 1240 3027 professioni
1251 2962 1313 3026 per
1329 2939 1353 3006 il
1364 2940 1517 3027 semigio
1529 2939 1609 3005 dela

393 3076 456 3122 sua
473 3054 558 3122 cina
573 3067 608 3122 et
625 3055 801 3142 republica
817 3057 924 3124 lllma.
942 3055 982 3096 δ’
998 3080 1020 3124 a
1035 3056 1145 3145 gloria
1163 3054 1196 3122 d'
1212 3057 1309 3124 lddio
1326 3057 1370 3125 N.
1388 3057 1442 3139 S.;
1460 3056 1514 3123 cui
1533 3077 1608 3143 gra·

391 3170 438 3236 tia
453 3191 587 3258 sempre
602 3171 635 3238 ci
650 3171 809 3239 conserui
826 3182 861 3240 et
876 3173 1011 3240 creschi
1027 3172 1097 3240 neli
1111 3171 1208 3240 cuori
1225 3171 1344 3240 nostri.
1363 3174 1490 3241 Arnen.

459 3289 512 3354 De
529 3289 637 3355 Roma
654 3289 696 3355 28
713 3289 757 3355 de
773 3289 922 3357 Ottobre
943 3304 1038 3374 1553.

459 3404 655 3490 Inscriptio.
675 3406 709 3471 A
726 3405 827 3472 Mtro.
849 3405 1024 3471 Thomaso
1039 3403 1183 3493 Spinola
1198 3416 1234 3472 et
1248 3407 1277 3472 F
1278 3425 1442 3472 rancesco
1462 3403 1610 3472 Cataneo

393 3521 502 3588 Baua.
1385 3533 1395 3550 “

443 3742 456 3770 ²
493 3727 520 3782 la
533 3743 588 3784 ms.
626 3729 677 3770 -b
696 3726 795 3781 hilma
807 3743 863 3782 ms.

441 3919 452 3949 ¹
491 3913 566 3970 Vide
580 3913 736 3986 epistolam
749 3911 830 3971 3861.

442 4005 454 4036 ⁸
491 4003 661 4060 Ludovicus
680 4005 811 4076 joannes
834 4003 985 4061 Gonzalez
1006 4003 1045 4060 de
1067 4003 1280 4076 Villasimplez,
1301 4005 1376 4077 regii
1398 4003 1564 4078 patrimonii
1582 4003 1613 4058 in

389 4095 937 4254 A¹²⁴E⁰1pf¹iadss⁰glgiesftlgffl·sequemem·
