3567 5409
330 406 347 459 8
488 426 489 430 ¹
708 406 917 480 Monuuunrn
935 406 1113 462 lonnrrnnn

295 569 410 644 gatur,
423 556 618 644 indigeant3
636 556 748 623 visum
764 567 817 623 est
832 556 867 624 in
884 556 1036 625 Domino
1046 556 1221 643 expedire,
1236 567 1275 623 ut
1287 554 1349 622 tibi
1360 556 1429 621 hoc
1441 574 1526 620 one·

288 672 342 741 ris
357 673 400 739 ad
416 672 481 741 Dei
502 670 660 759 gloriam,
677 682 713 740 et
735 670 918 741 Societatis
938 683 1074 741 nostrae
1093 672 1304 759 spiritualem
1326 669 1524 749 utilitatem,

294 787 598 857 committeremus,
616 789 689 855 Nos
704 786 811 874 igitur
827 799 861 857 te
882 789 919 856 in
934 788 1034 856 dictis
1050 787 1167 876 regnis
1178 785 1449 855 commissarium
1462 805 1526 872 ge·

295 904 444 971 neralem
461 902 649 971 cumomni
670 914 790 971 nostra
810 903 1026 985 auctoritate,
1045 924 1148 989 quam
1169 925 1231 990 per
1250 902 1342 971 sedis
1361 902 1526 988 apostoli·

294 1040 357 1087 cae
373 1018 629 1088 concessionem
645 1019 900 1088 communicare
916 1030 1110 1106 possumus
1128 1018 1391 1098 constituentes,
1411 1027 1450 1084 ut
1465 1015 1527 1082 tibi

295 1154 426 1215 omnes
446 1133 504 1220 qui
528 1136 594 1201 sub
618 1144 737 1202 nostra
760 1134 955 1205 obedientia
977 1145 1072 1216 sunt,
1095 1134 1236 1222 perinde
1264 1144 1302 1201 ut
1321 1132 1424 1202 nobis
1445 1133 1525 1201 obe-

294 1248 402 1333 diant,
420 1260 455 1318 et
472 1261 509 1316 tu
526 1249 621 1317 iuxta
636 1262 785 1320 mentem
802 1260 969 1332 nostram,
986 1270 1090 1337 quam
1106 1249 1210 1331 nosti,
1224 1260 1259 1318 et
1276 1248 1419 1317 omnino
1435 1259 1473 1314 ut
1490 1245 1524 1313 in

295 1366 442 1434 Domino
462 1367 648 1434 conuenire
668 1365 808 1448 senties,
826 1366 861 1434 in
882 1368 987 1434 rebus
1005 1365 1165 1433 omnibus
1186 1365 1295 1436 libere
1314 1364 1435 1433 eadem
1463 1384 1526 1431 au·

296 1482 453 1549 ctoritate
469 1492 585 1550 nostra
599 1483 777 1568 procedas
795 1481 831 1548 in
848 1482 986 1551 nomine
1006 1482 1131 1567 Panis,
1148 1493 1185 1550 et
1208 1480 1299 1563 Filii,
1320 1492 1357 1548 et
1377 1477 1528 1567 Spiritus

298 1596 406 1664 sancti
423 1596 636 1683 iniungimus
656 1608 692 1665 et
712 1597 922 1680 ordinamus3
939 1610 974 1667 et
995 1608 1034 1664 ut
1056 1598 1130 1685 ipsa
1149 1608 1289 1665 aeterna
1309 1594 1477 1683 sapientia
1495 1606 1529 1661 te

297 1713 332 1779 in
349 1712 508 1779 omnibus
524 1712 694 1781 illustrare
710 1724 744 1781 et
766 1735 887 1801 regere
907 1713 1073 1802 dignetur
1088 1735 1277 1801 precamur.

256 1819 260 1827 “
364 1830 491 1895 Datum
507 1828 648 1911 Romae,
666 1828 702 1895 in
718 1829 862 1898 aedibus
878 1828 1061 1903 Societatis
1076 1832 1173 1919 Jesu,
1191 1839 1314 1915 quarto
1329 1827 1408 1895 idus
1424 1824 1527 1913 Apri·

299 1943 340 2012 ris
361 1960 442 2029 1553
460 1945 485 2011 ¹.

1162 2062 1350 2131 Ionnrrus.

370 2175 508 2242 Titulus
523 2177 561 2241 in
578 2179 756 2263 margine.
780 2176 918 2246 Creatio
938 2177 974 2245 in
990 2175 1263 2247 commissarium
1283 2174 1528 2263 Hispaniarum

299 2300 334 2357 et
352 2290 601 2377 Portugalliae.

868 2464 963 2545 3314

401 2602 676 2673 SOCIETATIS
688 2604 799 2691 JESU
815 2604 863 2672 IN
880 2604 1107 2673 HISPANIA
1123 2604 1430 2677 PRAEPOSITIS
1490 2649 1494 2655 -

720 2758 809 2801 noua
824 2758 853 2801 11
870 2756 992 2802 armus
1007 2743 1075 2816 1553
1093 2747 1113 2801 ⁸.

302 2878 443 2935 Prohibet
460 2879 602 2952 ignotius
619 2880 781 2951 quominus
797 2880 896 2935 nostri
911 2881 948 2933 in
968 2878 1125 2951 Hispania
1139 2884 1286 2952 ponem
1306 2878 1481 2935 absoluendi
1494 2878 1531 2933 ob

362 2969 495 3025 haeresis
507 2968 634 3034 casibus,
644 2986 665 3024 o
672 2968 815 3043 pontifice
825 2969 970 3025 Socieiaii
983 2970 1146 3032 attributa,
1156 2970 1222 3024 ullo
1232 2972 1319 3026 modo
1329 2974 1468 3028 uantur.

367 3106 415 3172 La
432 3124 529 3170 suma
546 3102 662 3191 gracia
678 3124 700 3189 y
716 3124 811 3171 amor
827 3114 947 3171 eterno
962 3104 1007 3171 de
1022 3105 1113 3190 Xpo.
1128 3106 1173 3172 N.
1192 3106 1230 3173 S.
1249 3124 1308 3171 sea
1323 3102 1470 3190 siempre
1488 3126 1531 3173 en

300 3230 440 3287 nuestro
457 3221 551 3285 favor
567 3240 590 3306 y
606 3218 730 3305 ayuda.
1404 3232 1407 3237 ’

351 3472 364 3504 ⁸
401 3466 477 3524 Vide
490 3466 644 3541 epistolam
654 3465 737 3540 3321,
751 3486 780 3525 n.
794 3471 837 3526 2.⁰

352 3648 362 3681 ¹
400 3648 443 3702 Ex
457 3646 637 3721 apographo,
650 3648 681 3702 in
693 3644 764 3705 Cod.
780 3646 953 3715 Manedum,
964 3662 1031 3718 pag.
1042 3645 1105 3717 385,
1120 3648 1198 3704 iuter
1210 3648 1351 3720 epistolas
1363 3648 1401 3704 ad
1413 3648 1531 3705 modum

302 3735 473 3809 appendicis
484 3734 610 3791 additae.
625 3734 658 3794 P.
673 3735 832 3791 Menchaca
845 3736 920 3791 hanc
937 3734 981 3791 illi
997 3734 1218 3793 adnotationem
1231 3738 1410 3811 praeposuit:
1424 3738 1482 3793 «La
1494 3740 1533 3793 si·

299 3826 422 3897 guiente
434 3834 514 3881 carta
525 3842 557 3880 se
571 3824 647 3880 halla
659 3841 697 3879 en
711 3840 751 3879 un
762 3822 898 3896 quadrito
910 3822 953 3878 de
962 3826 991 3880 ia
1007 3823 1113 3897 capitia
1124 3824 1163 3881 de
1177 3827 1206 3881 ia
1218 3826 1338 3883 Excma.
1357 3830 1463 3883 sedura
1479 3826 1532 3883 du·

299 3932 391 3988 quesa
403 3914 441 3970 de
454 3914 647 3970 Villaermoaa
661 3912 726 3985 [sic]
737 3930 774 3968 en
788 3912 912 3981 Madrid‚
925 3930 946 3985 y
957 3914 985 3968 la
997 3914 1082 3987 copie
1094 3914 1256 3971 finalmente.
1275 3914 1321 3970 No
1339 3915 1420 3971 tiene
1439 3914 1532 3973 direc-

299 4004 376 4075 cidn,
392 4005 422 4059 ni
436 4002 520 4059 ischa
532 4003 581 4058 del
593 4002 654 4071 dia,
668 4020 689 4075 y
704 4001 772 4057 toda
784 4018 818 4057 es
830 4000 868 4057 de
885 4003 960 4057 letra
976 4001 1026 4057 del
1038 4011 1154 4060 santo.»
1176 4003 1239 4059 Sub
1260 4003 1350 4061 finem
1368 4020 1441 4060 vero
1453 4005 1533 4061 illius

301 4094 376 4150 hanc
389 4092 475 4149 aliam
488 4090 709 4147 annotationem
722 4090 835 4146 addidit
849 4091 885 4147 P.
903 4091 1007 4163 Puyal:
1022 4092 1087 4147 nYo
1099 4109 1147 4147 me
1158 4080 1390 4149 inciiuodcreer
1398 4112 1458 4167 que
1468 4104 1532 4151 eata

300 4190 381 4238 carta
393 4180 441 4237 dei
455 4190 540 4237 santo
553 4179 601 4235 iba
614 4178 740 4251 dirigida
752 4180 780 4235 al
794 4180 827 4235 Ρ.
839 4178 1027 4252 Villanueva,
1039 4197 1157 4254 auoque
1170 4184 1199 4238 lo
1219 4198 1279 4255 que
1292 4200 1331 4239 en
1350 4183 1409 4238 eila
1419 4182 1487 4239 dice
1500 4202 1533 4239 ae

302 4270 475 4327 entendiese
489 4286 544 4324 con
558 4267 643 4324 todou
657 4270 701 4323 toa
711 4268 836 4339 jesuitae
845 4268 883 4323 de
894 4270 1019 4341 Espena.
1035 4269 1077 4325 La
1086 4274 1176 4326 razon
1184 4271 1223 4326 de
1232 4278 1299 4327 esto
1307 4288 1341 4327 es
1354 4272 1446 4328 haber
1456 4272 1533 4328 visto

301 4378 339 4416 en
354 4378 393 4415 un
408 4366 487 4414 tomo
500 4376 555 4415 ms.
569 4358 616 4413 del
628 4358 743 4431 colegio
753 4357 793 4413 de
807 4358 909 4415 Alcaid
922 4368 987 4414 eata
1000 4369 1091 4433 carta,
1104 4376 1223 4433 auoque
1239 4376 1279 4415 no
1292 4367 1385 4431 teugo
1394 4370 1532 4433 presente

302 4450 329 4505 si
343 4466 392 4505 era
405 4449 540 4519 original,
555 4449 747 4505 osolamente
759 4448 873 4521 copia.»
887 4449 975 4504 Diem
988 4462 1017 4505 11
1036 4446 1147 4522 Aprilis
1160 4449 1229 4506 huic
1242 4450 1387 4521 epistolae
1401 4449 1533 4521 assigna·

302 4556 378 4606 mus,
391 4538 461 4611 quia
474 4537 507 4591 P.
519 4536 643 4605 Natalis,
655 4535 718 4609 qui,
732 4545 765 4592 ut
778 4538 808 4591 in
822 4536 886 4608 ipsa
896 4536 1021 4609 epistola
1030 4538 1183 4609 asseritur,
1193 4554 1260 4593 eam
1269 4554 1371 4593 secum
1383 4540 1532 4611 portabat,

302 4629 394 4683 Roma
408 4626 438 4683 in
454 4626 626 4697 Hispaniam
639 4625 755 4682 hoodie
768 4625 1150 4699 proiectuseat.-Cartas‚
1165 4645 1195 4685 n.
1209 4628 1326 4686 OCCV.
