3567 5409
447 494 501 562 448
828 492 1035 547 Monuttrnrrn
1054 493 1232 547 lounrmtm

410 641 450 712 P.
472 644 618 713 Battista
634 645 755 710 Tabon
772 646 797 724 ⁵,
816 654 850 710 et
866 644 899 711 la
914 642 1013 730 copia
1028 645 1156 711 uederai
1172 646 1212 711 V.
1225 645 1282 724 R..
1297 645 1458 711 mandata
1472 664 1529 729 per
1543 664 1635 710 mano

347 840 350 846 Ι
381 818 383 821 .
408 760 467 827 del
485 761 596 828 Padre
612 760 680 827 don
697 760 724 826 F
726 780 892 827 rancesco
910 758 1053 827 Palmio.

476 878 539 944 Del
557 879 659 944 Mtro.
680 876 832 943 Adriano
849 878 874 955 ⁸,
893 896 932 943 se
951 873 1128 943 ‘Modena
1148 874 1172 941 li
1194 876 1212 941 ὸ
1233 877 1363 955 buona‚
1386 897 1457 941 non
1477 877 1633 943 accaderi

408 994 459 1059 far
472 992 660 1059 mutatione
677 1012 736 1078 per
753 992 885 1073 adesso;
905 1013 961 1057 ma
975 991 1006 1057 si
1022 992 1087 1060 ben
1106 989 1126 1055 l'
1143 991 1215 1057 aria
1229 989 1252 1056 li
1272 992 1360 1059 fosse
1372 993 1479 1071 bono,
1498 992 1635 1059 sarebbe

407 1110 443 1175 d’
460 1110 565 1176 ueder
581 1111 610 1174 s’
627 1108 651 1174 il
668 1119 759 1175 resto
775 1106 858 1175 alui
874 1107 1070 1175 necessario
1085 1110 1195 1174 anche
1209 1107 1240 1173 si
1251 1118 1266 1157 ⁸
1278 1109 1509 1175 truouerebbe
1521 1106 1555 1174 in
1568 1110 1635 1175 Mo·

405 1226 508 1292 dena.
528 1224 594 1292 Dio
610 1224 723 1310 voglio
740 1226 806 1290 che
822 1222 851 1290 si
866 1221 882 1265 ¹¹
899 1236 1023 1290 truoua
1040 1224 1141 1290 modo
1156 1224 1201 1292 de
1212 1243 1312 1290 curar
1328 1224 1361 1289 la
1377 1244 1441 1290 sua
1455 1223 1633 1310 indispoei-

411 1339 519 1409 tione.

476 1458 540 1525 Dei
557 1457 673 1543 legere
689 1456 910 1541 Dispauterio
926 1477 947 1521 o
963 1477 1019 1535 no,
1039 1457 1083 1522 V.
1103 1457 1145 1524 R.
1163 1456 1220 1521 dia
1236 1457 1258 1520 l'
1276 1456 1397 1525 ordine
1418 1458 1484 1524 che
1504 1456 1528 1521 li
1547 1476 1630 1541 pore.

408 1571 451 1640 Di
469 1594 536 1658 qua
552 1572 581 1639 si
600 1572 607 1611 i
623 1574 642 1639 ὲ
659 1573 742 1639 satta
756 1594 825 1639 una
837 1570 950 1638 sintax
964 1593 1092 1654 nuouu,
1107 1573 1220 1657 qualle
1231 1571 1405 1639 crediamo
1417 1572 1553 1657 piacerit
1565 1570 1630 1658 piti3

408 1709 463 1756 ma
479 1689 554 1756 seri
572 1688 628 1775 piu
651 1688 771 1757 faccile
791 1710 811 1755 a
833 1688 1034 1768 introdurla,
1060 1688 1198 1772 quando
1221 1689 1253 1753 la
1273 1687 1486 1774 Compagnia
1513 1689 1631 1756 hauert

408 1803 466 1889 piu
482 1804 655 1872 authoritti
673 1805 751 1872 nell’
770 1804 911 1882 scholle,
930 1816 964 1869 et
981 1804 1013 1869 la
1029 1825 1160 1889 pruoua
1177 1801 1227 1868 sij
1245 1804 1317 1869 farssa
1332 1802 1367 1868 di
1383 1824 1464 1887 qua.

474 1922 539 1989 Del
555 1934 626 1987 star
641 1921 684 1988 de
701 1922 744 1985 V.
764 1922 806 1989 R.
823 1920 858 1985 in
880 1920 1041 2000 Modena,
1066 1941 1104 1985 se
1129 1918 1281 1986 truouasi
1305 1918 1381 1985 farli
1403 1920 1532 1998 danno,
1556 1940 1632 2005 pare

406 2037 530 2105 debbia
546 2056 639 2104 esser
656 2036 690 2101 in
707 2036 855 2101 mancho
871 2047 986 2121 tempo
1001 2038 1066 2102 che
1082 2035 1110 2101 si
1126 2034 1141 2074 ¹¹
1158 2038 1239 2120 puin
1254 2047 1290 2100 et
1306 2036 1327 2099 i'
1347 2035 1474 2101 andata
1491 2056 1549 2121 per
1563 2036 1628 2101 Ge·

406 2173 497 2219 noua
512 2154 588 2220 serit
604 2152 695 2218 forsa
711 2150 828 2218 auanti
843 2152 887 2216 de
902 2149 959 2217 doi
976 2150 1079 2218 messi
1095 2173 1114 2218 e
1132 2172 1239 2231 mezo;
1258 2150 1349 2217 forsa
1363 2150 1466 2217 etiam
1489 2150 1518 2215 si
1540 2152 1629 2219 deie-

407 2266 474 2335 riro
491 2289 537 2333 un
555 2288 667 2353 puoco
684 2267 742 2353 piu
760 2288 819 2351 per
835 2266 948 2352 questi
966 2266 1113 2333 tumulti.

473 2384 599 2469 Quello
616 2386 681 2449 che
698 2384 744 2451 V.
762 2384 802 2449 R.
825 2381 938 2450 scriue
957 2382 1001 2448 de
1022 2384 1165 2449 Morello
1192 2386 1202 2417 ²
1225 2394 1262 2449 et
1286 2383 1438 2449 Postello
1460 2385 1487 2463 ⁸,
1512 2383 1544 2449 di
1569 2402 1630 2467 qua
1744 2457 1745 2462 ἵ

406 2498 508 2566 etiam
526 2498 555 2565 si
571 2498 578 2538 ¹
594 2498 612 2565 ὸ
628 2501 735 2566 detto

472 2615 562 2683 Delli
578 2615 684 2701 spacii
700 2614 850 2683 mandati
866 2636 886 2681 a
902 2614 1059 2696 Francia,
1078 2627 1174 2681 tanto
1194 2615 1237 2681 de
1257 2615 1379 2683 lettere
1400 2628 1528 2699 quanto
1549 2613 1629 2680 delle

407 2732 549 2816 patenti,
573 2754 640 2798 non
666 2730 824 2797 uediamo
845 2733 902 2796 ch'
925 2730 1046 2798 hariue
1067 2752 1230 2810 nessuna,
1252 2732 1342 2797 doue
1358 2732 1529 2799 crediamo
1544 2750 1629 2797 esser
1743 2809 1744 2822 ἵ

407 2849 474 2913 mal
491 2869 611 2915 secura
628 2847 650 2911 l'
670 2846 725 2913 uia
742 2870 804 2933 per
820 2848 850 2913 le
866 2848 1000 2915 lettere.

472 2966 550 3030 Non
571 2962 779 3055 habbia[mo]
800 2966 949 3031 anchora
970 2964 1132 3030 mandato
1154 2965 1178 3029 t’
1199 2962 1415 3050 indulgentie
1438 2986 1458 3030 a
1481 2964 1559 3050 quel
1578 2984 1628 3029 se·

405 3080 572 3165 grommo,
598 3102 652 3146 ma
673 3080 702 3147 si
726 3081 815 3148 bene
836 3081 868 3145 la
888 3100 1019 3145 somma
1040 3078 1075 3145 di
1092 3080 1217 3165 quelle,
1241 3080 1366 3165 perchc
1389 3080 1477 3145 ueda
1498 3101 1536 3147 se
1560 3091 1581 3119 ¹¹
1605 3074 1627 3142 li

374 3174 380 3187 ¹
404 3195 578 3281 piaccen03
597 3208 631 3261 et
648 3199 757 3263 anche
774 3216 841 3261 non
859 3194 1043 3262 habbiamo
1064 3194 1207 3281 risposta
1231 3196 1299 3262 che
1322 3196 1354 3261 le
1371 3206 1490 3263 nostre
1513 3196 1626 3262 lettere

404 3309 499 3377 siano
516 3311 702 3379 ricceuute.
787 3300 801 3319 ‘

469 3424 511 3491 Di
528 3448 596 3511 qua
612 3426 735 3493 stiamo
751 3426 823 3492 sani
847 3448 907 3511 per
927 3426 959 3493 la
980 3425 1097 3492 diuina
1117 3426 1239 3512 gratia,
1264 3425 1470 3512 seguitando
1492 3428 1515 3492 il
1534 3446 1626 3491 corso

401 3540 503 3607 solito
519 3543 606 3608 delle
622 3540 842 3627 occupationi
854 3554 869 3581 ¹¹
882 3542 1050 3627 spirituali
1065 3542 1208 3627 agloria
1220 3542 1255 3607 di
1268 3541 1335 3609 Dio
1348 3557 1468 3610 nostro
1481 3542 1623 3627 signore,

400 3652 458 3721 cui
475 3658 585 3742 gratia
601 3678 736 3743 sempre
753 3678 870 3724 cresca
887 3657 967 3725 nelli
983 3656 1079 3724 cuori
1092 3657 1213 3723 nostri.

467 3774 520 3839 De
538 3774 645 3839 Roma
661 3796 682 3859 9
699 3773 742 3841 de
759 3772 954 3841 Settembre
975 3790 1071 3857 1553.

908 3916 1121 3927 ——-—-.

468 3980 544 4046 Vna
560 3979 748 4045 introclusa
764 3978 863 4065 peril
881 3979 1078 4047 medesimo.

453 4186 464 4226 s
497 4200 608 4238 cems.
648 4184 830 4255 -u,h‚i‚i,
845 4186 869 4255 k,
885 4184 946 4251 ¹,ci
961 4202 1014 4241 ms.
1055 4198 1245 4239 -mcemn
1285 4186 1614 4259 -noccupationemn

452 4374 463 4405 ³
500 4372 629 4441 Joannes
643 4372 707 4426 Bta.
722 4372 871 4427 Turonum
886 4369 964 4426 Vide
981 4371 1135 4443 epistolam
1152 4370 1232 4441 3731.
1253 4370 1299 4427 Ci.
1320 4372 1417 4445 Epist.
1437 4374 1557 4439 Mixtus,
1574 4372 1619 4441 tt,

394 4473 460 4530 204,
476 4461 527 4515 ubi
540 4462 679 4515 Tavonus
692 4460 729 4516 de
743 4460 844 4528 sonim,
856 4461 908 4533 qui
920 4461 968 4516 hic
982 4471 1189 4532 memorantur,
1204 4460 1241 4515 ad
1255 4462 1403 4532 ignatium
1416 4464 1529 4523 scribit.

452 4552 464 4585 θ
502 4550 649 4606 Adrianus
663 4550 824 4607 candidus.

451 4645 460 4675 ⁷
500 4641 672 4696 Franciscus
687 4639 839 4695 Moreilus?
852 4640 1034 4712 POLANCUS,
1050 4640 1244 4709 Chron.‚1v‚
1258 4640 1305 4710 73.

449 4728 462 4763 ⁸
498 4730 665 4785 Gulielmus
678 4730 836 4787 Posterius.

1743 2945 1745 3008 t

1729 5069 1738 5344 i
