3567 5409
373 466 426 538 634
753 469 962 528 Monunsnn
980 470 1159 527 lentum

338 641 395 686 mo
411 621 467 687 noi
485 623 646 688 mandato
661 621 696 688 di
709 641 776 708 qua
792 621 816 688 il
832 622 876 695 P.
899 626 1002 692 Mtro.
1027 625 1202 692 Bernardo
1213 623 1371 692 Oliuerio
1382 625 1555 710 questo&

337 737 415 806 etsi
434 739 623 824 potrebono
638 738 762 827 pigliar
778 739 802 806 li
817 740 937 807 denari
953 741 1107 828 prestati,
1126 741 1218 828 quali
1234 740 1292 827 poi
1307 741 1337 807 si
1356 743 1556 828 pagarebbe·

339 861 384 920 no
400 855 443 922 de
459 854 492 921 la
508 857 593 921 roba
615 855 648 923 di
670 857 766 924 detto
786 859 890 926 Mtro.
912 855 1079 924 Adriano.
1104 857 1141 926 Si
1161 855 1378 943 giudicasino
1398 857 1423 922 li
1444 857 1558 924 medici

338 971 405 1038 che
420 971 532 1057 potria
547 971 615 1041 ben
632 971 881 1059 temporegiare
896 984 1019 1058 questa
1030 985 1044 1014 ⁶
1059 972 1242 1042 inuernata
1253 972 1289 1038 in
1302 974 1474 1058 qualcuno
1485 973 1557 1042 delli

338 1086 462 1173 collegi
483 1087 603 1169 nostri,
621 1110 690 1155 non
710 1088 741 1155 ei
762 1088 781 1156 ὲ
804 1089 912 1156 dubio
932 1091 998 1157 che
1019 1088 1107 1156 seria
1128 1089 1185 1176 pin
1206 1090 1388 1156 commodo
1408 1089 1559 1156 andarla

338 1200 540 1288 primavera,
559 1225 620 1288 per
635 1200 659 1270 il
676 1205 756 1288 qual
772 1215 887 1290 tempo
904 1204 933 1272 si
954 1207 1164 1274 manderano
1184 1204 1288 1273 etiam
1304 1205 1339 1271 di
1355 1226 1424 1290 qua
1439 1205 1494 1271 doi
1509 1226 1560 1272 sa·

337 1317 469 1385 cerdoti
491 1318 665 1399 flandresi,
690 1330 725 1388 et
745 1323 822 1388 serit
842 1323 957 1387 buona
978 1320 1194 1408 compagnia.
1217 1320 1434 1389 Finaltnente
1455 1322 1496 1386 V.
1520 1322 1560 1388 R.

337 1433 486 1519 proceda
501 1455 569 1501 con
585 1435 720 1516 liberti,
736 1457 834 1506 corne
851 1436 979 1523 meglio
995 1436 1018 1503 li
1035 1459 1128 1523 pare.

403 1547 457 1616 De
473 1569 542 1616 vno
559 1550 646 1616 altro
662 1550 810 1620 Michael
825 1551 938 1618 scriue
952 1552 977 1619 il
992 1553 1034 1618 P.
1053 1550 1233 1620 Pelletario
1248 1554 1316 1620 che
1326 1550 1452 1618 dioono
1463 1550 1487 1617 li
1498 1572 1568 1619 me·

337 1662 406 1731 dici
421 1664 562 1733 doueria
578 1667 698 1746 andar,
716 1688 777 1753 pet
793 1689 895 1736 sanat
911 1666 969 1754 piis
989 1680 1119 1758 prsetO,
1142 1669 1208 1736 alla
1228 1667 1337 1755 patria
1357 1669 1382 1732 ⁸.
1406 1669 1452 1734 V.
1476 1669 1519 1737 R.
1539 1666 1567 1733 si

337 1781 435 1867 potri
450 1780 645 1862 informare,
664 1784 802 1867 quando
818 1784 945 1853 anderssa
960 1806 981 1850 a
996 1786 1024 1851 F
1025 1807 1152 1865 errara,
1169 1783 1204 1850 di
1220 1785 1334 1870 quello
1348 1786 1426 1850 sani
1437 1803 1568 1850 conue-

337 1896 465 1979 niente,
484 1911 519 1967 et
535 1908 632 1965 tanto
648 1897 677 1966 si
694 1897 815 1968 faccia.

404 2015 458 2082 De
472 2014 506 2080 la
521 2032 600 2080 casa
617 2014 660 2084 de
678 2016 797 2082 Palma
811 2016 855 2084 de
879 2017 921 2083 V.
947 2016 989 2083 R.
1011 2018 1058 2083 ho
1078 2016 1198 2082 scritto
1218 2016 1242 2081 l'
1264 2017 1350 2090 altra
1370 2014 1566 2082 settimana:

340 2151 360 2196 a
378 2129 493 2215 quello
508 2129 555 2195 mi
572 2131 720 2198 rimetto.

403 2247 513 2333 Sopra
528 2245 552 2313 il
570 2247 702 2316 fratello
717 2249 858 2317 Andrea
875 2249 1118 2336 Bonainsegna
1134 2249 1166 2317 ci
1187 2249 1300 2317 serius
1315 2249 1531 2315 caldamente
1545 2245 1570 2312 il

338 2361 379 2426 P.
399 2360 531 2428 Palmio
546 2363 641 2431 acein
658 2363 740 2430 resti
760 2362 796 2431 in
818 2366 987 2451 Bologna3
1010 2378 1045 2434 et
1066 2364 1103 2431 in
1126 2376 1224 2433 tanto
1245 2367 1310 2432 che
1330 2386 1399 2430 non
1419 2362 1450 2430 si
1471 2375 1571 2430 troua

336 2496 416 2543 casa
432 2477 548 2544 buona
563 2475 599 2543 in
615 2479 775 2559 Modena,
794 2501 866 2546 non
881 2503 965 2567 pare
979 2480 1031 2548 sia
1046 2480 1214 2561 dificulti;
1236 2501 1294 2547 ma
1317 2477 1516 2546 trouandosi
1534 2491 1572 2545 et

339 2593 498 2662 hauendo
515 2615 536 2660 a
548 2593 698 2681 leggersi
710 2593 722 2635 f
730 2595 774 2662 da
787 2617 871 2664 uero
884 2593 919 2662 in
933 2598 1093 2675 Modena,
1108 2617 1191 2683 pare
1202 2597 1348 2665 sarebbe
1360 2593 1571 2676 necessario,

336 2710 384 2774 ho
398 2710 463 2776 che
479 2709 614 2776 andassi
635 2711 731 2779 detto
752 2712 905 2791 Andrea,
927 2734 949 2778 ο
970 2712 993 2778 il
1013 2713 1149 2780 fratello
1169 2711 1362 2780 Gulliermo
1381 2711 1407 2790 ⁹,
1429 2731 1452 2775 0
1472 2709 1575 2794 qual·

337 2844 431 2891 cuno
446 2825 547 2906 altro,
566 2847 603 2892 se
620 2847 758 2913 paresse
773 2826 833 2913 pin
850 2827 884 2892 al
900 2826 1075 2914 proposito
1090 2847 1153 2914 per
1170 2828 1218 2894 tal
1233 2829 1363 2895 effetto.

404 2940 561 3008 Giacobo
580 2945 617 3026 ¹⁰,
636 2941 831 3024 fiorentin0,
849 2943 878 3010 si
895 2942 993 3030 potrti
1010 2943 1174 3010 mandare
1195 2965 1216 3010 a
1236 2943 1415 3025 Fiorenza,
1438 2962 1477 3008 se
1500 2941 1573 3008 cosi

337 3077 419 3144 pare
440 3057 671 3127 conueniente
692 3058 749 3126 alli
770 3059 909 3129 medici.
933 3061 978 3126 Et
997 3059 1088 3127 circa
1111 3059 1134 3125 il
1156 3060 1296 3127 mandat
1320 3057 1378 3124 un’
1397 3059 1488 3124 altro
1511 3079 1576 3144 per

337 3173 485 3242 Modena
505 3173 534 3240 si
555 3173 629 3241 fari
652 3175 863 3259 trouandosi3
887 3197 909 3242 ο
933 3175 1064 3263 piglino
1082 3197 1164 3261 vno,
1174 3177 1217 3242 de
1237 3176 1284 3255 ln,
1301 3173 1404 3242 etiam
1420 3175 1487 3242 che
1503 3195 1574 3241 non

338 3285 421 3355 fossi
439 3299 561 3375 troppo
578 3300 651 3358 atto
666 3311 728 3376 per
743 3291 777 3357 la
792 3291 1022 3378 Compagnia‚
1042 3313 1097 3358 ma
1112 3311 1174 3378 per
1190 3289 1343 3360 seruitio.

405 3403 507 3474 Circa
522 3403 546 3472 il
564 3405 696 3474 fratello
712 3407 905 3475 Francesco
921 3407 1073 3488 Bordon,
1091 3427 1129 3474 se
1144 3426 1215 3473 non
1230 3408 1301 3493 pub
1322 3404 1506 3493 disponere
1525 3406 1577 3472 al·

337 3519 489 3590 trimenti
505 3523 570 3590 che
585 3522 629 3590 de
645 3521 669 3586 l'
688 3523 874 3603 usofrutto,
893 3523 1004 3609 potria
1019 3522 1170 3589 scriuere
1190 3520 1214 3588 li
1234 3521 1437 3588 mandasino
1458 3521 1576 3606 quello

336 3657 398 3724 per
412 3637 445 3703 le
460 3657 523 3706 sue
538 3637 722 3718 necessiti;
740 3659 795 3705 ma
811 3649 934 3724 questa
950 3637 969 3706 ὲ
986 3658 1068 3706 ensa
1082 3639 1127 3706 da
1144 3638 1225 3706 farsi
1242 3637 1402 3704 hauendo
1423 3635 1575 3703 diuotio-

337 3775 394 3834 ne,
412 3764 447 3821 et
462 3774 532 3820 non
548 3751 756 3820 altramenti.

343 3874 550 3886 *η’-

392 3935 405 3966 e
441 3929 550 3994 questo
565 3938 620 3980 ms.
660 3923 720 3979 -.s
734 3921 873 3994 allegersi
887 3941 943 3980 ms.

392 4077 404 4110 ⁸
441 4075 545 4131 Sermo
558 4075 755 4131 videturesse
768 4074 972 4147 deMichaEle,
987 4075 1208 4144 novocomensi,
1222 4092 1260 4130 ex
1274 4075 1359 4130 Vslle
1375 4075 1502 4147 Tellins,
1520 4074 1576 4148 qui

339 4163 490 4220 Ferrarias
502 4164 660 4236 admissus,
675 4166 780 4237 «paulo
793 4173 869 4237 post,
883 4181 951 4220 eum
964 4163 1030 4235 ejus
1042 4173 1072 4219 et
1086 4165 1242 4235 integritas
1254 4173 1285 4220 et
1297 4163 1425 4219 eruditio
1438 4166 1575 4236 probus·

339 4263 398 4323 tur,
412 4262 443 4309 et
456 4264 525 4310 vota
543 4253 702 4310 Societntis
720 4254 864 4326 simplicia
881 4254 1042 4324 emisisset,
1059 4254 1208 4310 secundae
1224 4255 1312 4310 classi
1330 4252 1499 4326 praefectus
1515 4262 1573 4310 at

340 4344 369 4400 ls
381 4353 499 4417 praeter
512 4343 631 4400 latinam
645 4344 786 4416 linguam,
800 4359 938 4415 grsecsm
951 4354 982 4398 et
994 4343 1173 4411 hebraicam,
1187 4343 1368 4399 chaldsicsm
1380 4354 1472 4416 atque
1480 4341 1575 4400 mbi-

338 4447 403 4487 csm
415 4447 474 4487 non
492 4432 656 4504 ignorabat,
676 4439 707 4486 et
725 4446 817 4486 annos
834 4431 978 4503 plurimos
995 4429 1027 4486 in
1043 4429 1249 4503 philosophiae
1268 4428 1367 4485 studio
1383 4445 1575 4502 consumpse

338 4529 412 4577 rat.»
425 4521 609 4593 Ponntth,
624 4519 749 4586 chron„
760 4520 799 4592 11,
812 4533 876 4590 491.

392 4613 404 4644 ⁹
441 4609 608 4666 Gulielmus
621 4611 782 4682 Brochens,
795 4609 983 4679 limburgius.

385 4703 408 4736 ¹⁰
446 4699 830 4772 Epist.Mixtas,lll,147.
