3567 5409
404 400 459 458 744
783 388 992 445 Romarm
1012 389 1189 445 tonantum

371 525 677 621 etrum'suadente
703 538 859 623 donauit3
883 560 950 609 nec
972 539 1140 628 impedire
1159 542 1342 627 oportebat
1364 540 1596 627 qairitmubo·

373 678 472 737 num,
487 678 509 723 a
525 676 594 742 quo
610 657 675 744 ipsi
691 656 810 725 haberi
823 656 1117 725 existimabamus.
1271 650 1273 657 ⁴

437 774 491 839 De
507 772 707 858 parentibus
723 774 817 859 Mag.
836 770 1066 841 Theoderici⁸
1084 772 1166 859 quid
1180 774 1355 860 agendum
1365 771 1538 855 videatur,
1561 782 1600 839 ut

371 888 415 955 ab
429 886 488 955 illa
502 886 677 974 opinione,
699 886 825 955 erroris
842 888 958 975 plena,
976 888 1205 968 abducantur,
1233 887 1310 955 aliis
1329 886 1452 959 litteris
1470 886 1599 967 scribo,

371 1022 470 1087 quaa,
486 1002 518 1069 si
533 1022 621 1089 opus
641 1015 747 1083 efflet,
768 1003 910 1071 domino
930 1004 1133 1075 cancellario
1153 1004 1219 1071 ‘et
1234 1004 1309 1074 aliia
1329 1005 1374 1073 V.
1394 1006 1437 1073 R.
1450 1014 1602 1091 posset¹

370 1120 566 1189 ostendere.
584 1118 721 1187 laureis
735 1118 872 1206 scripsit
890 1120 989 1207 Mag.
1007 1118 1277 1189 Theodericuslt
1294 1119 1449 1206 proximo
1467 1140 1599 1199 mense,

371 1233 471 1301 culus
497 1236 674 1321 profectus
699 1254 770 1301 non
792 1235 977 1305 mediocris
996 1236 1149 1305 cernitur
1169 1235 1205 1303 in
1221 1234 1357 1317 litteris,
1376 1236 1470 1305 unde
1489 1234 1600 1323 ipsum

373 1351 456 1417 hinc
470 1352 655 1419 amandare
670 1352 866 1419 consultum
882 1372 953 1420 non
969 1364 1073 1435 emen
1095 1352 1210 1420 minus
1224 1350 1318 1419 enim
1336 1350 1482 1420 ubilibet
1498 1350 1601 1438 profi·

373 1476 466 1536 ceret
481 1465 501 1546 ἰ,
521 1476 559 1535 ut
573 1488 639 1534 nos
653 1466 793 1552 quidem
809 1488 930 1535 omnes
944 1468 1148 1537 iudicamuu

440 1585 495 1651 De
510 1581 693 1669 priuilegio
708 1582 767 1649 illo
782 1583 984 1664 obtinendo,
998 1606 1042 1652 ne
1054 1582 1235 1671 quisquam
1248 1583 1476 1654 obedientiam
1486 1582 1603 1669 exige-

374 1719 412 1765 re
425 1698 576 1785 possita
596 1698 734 1778 nostris,
752 1720 819 1767 suo
840 1700 918 1767 loco
938 1710 973 1767 et
995 1712 1148 1787 tempore
1167 1720 1336 1770 memores
1353 1698 1495 1781 crimem
1518 1698 1603 1765 inte·

372 1812 437 1881 rim
454 1812 539 1881 satis
554 1834 631 1883 esee
648 1814 784 1881 uidetur
800 1814 1020 1902 exigentibus
1036 1818 1224 1885 obtendere
1241 1814 1252 1867 1'
1274 1824 1411 1883 nostras
1432 1812 1603 1883 constitu·

375 1929 504 2011 tiones‚
538 1950 627 2017 quae
659 1931 841 2017 prohibent
873 1932 1135 2019 congregationi
1167 1929 1307 2020 cuffluis
1342 1950 1405 1999 nos
1436 1927 1602 1997 obnoxios

375 2066 464 2112 esse.

442 2163 522 2229 Non
534 2173 588 2231 est
598 2164 693 2247 quod
706 2162 848 2243 mireris,
864 2166 979 2244 Pater,
994 2184 1056 2230 cur
1068 2184 1136 2232 non
1150 2164 1249 2237 liceat
1260 2163 1424 2233 Societati
1437 2161 1452 2203 ¹*
1463 2162 1598 2248 dispen-

376 2298 452 2346 sare
467 2288 503 2345 et
519 2277 584 2345 alia
600 2278 767 2363 quaedam
783 2280 941 2347 conferre
957 2278 1022 2359 his,
1040 2282 1098 2366 qui
1121 2292 1337 2364 exercentur,
1361 2302 1451 2367 quae
1465 2277 1600 2364 quidem

377 2392 504 2460 nostris
518 2394 678 2461 conferre
693 2413 887 2479 possumus.
908 2396 1007 2463 Ratio
1024 2397 1111 2463 haec
1125 2407 1190 2475 est,
1209 2396 1301 2482 quod
1313 2394 1464 2463 influxus
1476 2392 1600 2481 gratie

378 2528 455 2576 rum
470 2530 491 2575 a
506 2506 620 2593 capite
635 2508 680 2575 ad
694 2510 846 2577 membra
865 2508 874 2551 ¹
891 2520 1035 2591 tantum,
1052 2530 1116 2597 per
1131 2510 1359 2580 obedientiam
1373 2508 1510 2596 corpori
1526 2506 1602 2575 uni-

379 2638 425 2704 ta,
444 2624 633 2705 descendit3
651 2623 711 2710 qui
723 2644 808 2692 uero
818 2621 977 2712 facilujnt
987 2627 1150 2695 exercitia
1162 2648 1231 2694 non
1244 2638 1326 2695 sunt
1337 2628 1492 2693 niembra
1503 2624 1602 2691 huius

378 2739 542 2825 corporis,
564 2740 657 2808 unde
677 2750 811 2807 tantum
836 2762 1020 2827 possumus
1046 2741 1097 2811 eis
1118 2742 1278 2811 conferre
1305 2761 1404 2832 quae·
1422 2740 1499 2808 aliis
1528 2758 1600 2826 pro

379 2875 490 2921 rums.

446 2972 550 3057 Quod
566 2970 688 3039 attinet
704 2972 748 3040 ad
762 2993 835 3053 eos,
849 2972 909 3059 qui
927 2973 1017 3041 uasis
1033 2973 1147 3041 aureis
1166 2984 1201 3041 et
1216 2972 1393 3061 argenteis
1414 2984 1450 3041 et
1470 2970 1602 3059 precio-

378 3086 425 3154 sis
440 3087 597 3154 uestibus
612 3099 771 3171 utuntur,
788 3087 817 3154 si
840 3090 998 3157 homines
1012 3102 1093 3157 sunt
1109 3108 1180 3157 non
1196 3090 1381 3157 admodum
1396 3086 1601 3177 sprituales,

375 3224 445 3271 non
466 3224 585 3289 parum
605 3226 682 3273 esse
706 3203 885 3271 uidetursi
907 3204 951 3271 ad
972 3206 1158 3291 superflua,
1182 3206 1371 3275 secuudum
1392 3216 1534 3283 statum,
1551 3222 1602 3269 re-

374 3321 523 3388 secanda
542 3320 748 3401 excitentur,
772 3320 825 3387 his
845 3322 1012 3401 contenti,
1034 3342 1126 3406 quae
1146 3342 1215 3389 non
1239 3332 1381 3410 possent
1396 3320 1471 3388 sine
1491 3318 1616 3404 aliqua-

374 3448 456 3502 nota
471 3436 635 3503 auaritiae
649 3436 854 3521 relinquere.
873 3434 912 3506 Si
929 3434 1122 3522 spirituales
1138 3436 1218 3517 sint,
1239 3448 1323 3503 tunc
1338 3446 1481 3525 possent
1492 3434 1535 3501 ad
1547 3454 1599 3513 ea,

373 3570 463 3635 quae
478 3552 682 3637 perfectiora
696 3562 719 3593 ¹¹¹
734 3565 827 3630 sunt,
850 3565 886 3621 et
906 3572 996 3638 quae
1014 3552 1150 3620 maioris
1170 3550 1419 3621 aedificationis
1439 3562 1477 3619 et
1493 3570 1603 3620 exem·

374 3666 421 3753 pli
446 3676 474 3747 ¹¹,
495 3665 636 3753 impelli,
661 3666 763 3753 quale
787 3678 878 3735 esset
905 3686 989 3735 uasa
1012 3666 1210 3735 huiusmodi
1236 3668 1270 3735 in
1293 3686 1394 3735 uelim
1415 3686 1603 3754 pauperum
1713 3742 1715 3753 Ι

328 3832 333 3844 .
375 3793 590 3864 conuertere,
608 3794 676 3849 etc.
1173 3800 1177 3811 ·

435 3899 488 3965 De
500 3896 729 3965 instrumento
741 3896 977 3985 procuratorio
989 3902 1082 3986 Mag.
1097 3898 1190 3967 Petri
1203 3898 1303 3969 Siluii
1314 3898 1446 3967 contuli
1457 3917 1537 3965 cum
1548 3895 1604 3965 ali·

376 4034 445 4099 quo
457 4012 541 4080 satis
552 4012 663 4099 perito
675 4026 689 4055 ⁰
701 4016 949 4096 erexercitato,
969 4014 1028 4102 qui
1046 4015 1094 4082 ait
1105 4014 1246 4083 omnino
1264 4011 1491 4084 necessariam
1507 4026 1523 4065 Ρ
1540 4034 1606 4080 non

427 4229 443 4283 i
478 4243 653 4299 wama.
672 4228 841 4300 Δωρί.
856 4228 1032 4287 Theoderici
1049 4247 1105 4291 ma.
1137 4229 1340 4302 i-proticiret
1356 4246 1414 4289 ms.
1446 4228 1490 4281 -i
1504 4238 1607 4301 opten-

375 4315 447 4373 dere
458 4335 512 4377 ms.
552 4317 773 4375 -kSocietatis
783 4336 839 4378 ms.
874 4320 919 4361 ..1
930 4320 1051 4375 menbra
1062 4336 1118 4379 ms.
1149 4332 1208 4363 ..m
1222 4316 1404 4391 perfectione
1414 4335 1471 4375 mr.
1502 4331 1621 4405 -ure⁸

376 4402 562 4461 dificationes
572 4416 603 4462 et
613 4408 759 4479 exemplis
772 4424 831 4463 ms.
876 4439 891 4447 -
910 4423 923 4451 ⁰
943 4408 1108 4481 peritums.
1157 4424 1207 4465 -r
1225 4406 1426 4465 necessarium
1444 4424 1502 4464 ms.

375 4532 578 4542 ”—

358 4654 362 4662 ,
427 4598 439 4629 ⁸
475 4596 653 4653 Theoderici
666 4597 803 4658 Gerardi.
817 4598 1002 4664 ΡοιΑΝῦυε,
1019 4598 1143 4665 Cliton,
1157 4598 1209 4671 111,
1224 4610 1251 4669 7.

428 4687 441 4720 ⁴
478 4684 597 4740 Ruardo
608 4685 754 4759 Tappero.
1269 4720 1272 4727 .
