3567 5409
485 458 588 515 Enisa.
608 455 743 525 3722.—2
764 456 965 511 santamente
986 454 1055 525 ¹55³
1295 452 1347 522 437

158 612 286 691 Genua,
304 610 347 677 V.
368 612 408 677 R.
429 610 623 678 andarebbe
639 631 699 696 per
715 630 813 696 capo,
833 620 867 675 et
891 630 961 675 non
983 606 1012 674 si
1033 627 1140 693 pensa
1161 609 1236 672 sara
1258 618 1382 691 questo

158 726 257 812 prima
273 728 338 795 che
353 728 383 793 al
402 727 609 793 Nouembre.
630 728 673 792 Et
689 728 798 792 anche
814 727 845 791 la
861 744 943 791 cosa
959 744 1028 789 non
1044 724 1064 790 ἑ
1080 732 1178 789 tanto
1196 722 1291 801 satta,
1316 723 1382 790 che

159 860 219 907 non
246 842 375 927 potessi
404 842 505 910 etiam
531 841 720 928 indugiarsi
743 841 814 929 pio,
842 862 897 906 ma
919 836 1192 926 probabilmente
1218 837 1248 903 si
1276 858 1384 923 pensa

157 958 265 1041 quello
280 958 346 1025 che
363 961 409 1023 ho
425 960 532 1027 detto.
1016 936 1022 942 ⁶

217 1074 295 1139 Non
311 1074 386 1139 diro
403 1076 488 1141 altro
504 1097 565 1161 per
581 1084 714 1159 questa,
733 1094 770 1141 se
786 1094 857 1140 non
873 1074 941 1139 che
957 1073 1014 1139 all'
1037 1070 1182 1140 orationi
1203 1070 1247 1137 de
1270 1070 1313 1137 V.
1338 1071 1379 1137 R.

158 1190 229 1254 tutti
246 1190 350 1255 molto
367 1188 399 1255 ci
419 1190 706 1271 racomandiamO,
729 1188 957 1258 desiderando
978 1209 1077 1275 saper
1098 1185 1177 1255 dell’
1198 1208 1292 1253 esser
1319 1206 1384 1252 suo

157 1315 187 1369 et
201 1304 279 1370 delli
296 1304 419 1372 fratelli
435 1304 469 1371 di
486 1306 645 1373 Modena.
666 1306 710 1373 Di
723 1328 790 1393 qua
803 1306 926 1372 stiamo
938 1302 1027 1371 assai
1040 1305 1128 1371 bene
1144 1326 1205 1389 per
1217 1302 1250 1369 13
1266 1300 1382 1369 diuina

157 1420 270 1505 gratia.
290 1422 348 1490 Sia
364 1422 398 1487 in
415 1421 560 1509 aggiuto
577 1434 612 1491 et
629 1424 726 1489 fauor
742 1433 860 1489 nostro
877 1420 1044 1488 continuo
1057 1421 1081 1485 l’
1095 1431 1194 1487 autor
1205 1418 1240 1485 di
1253 1418 1378 1504 quella,

153 1536 228 1623 Jesn
246 1536 307 1603 X.⁰
324 1538 443 1625 signor
459 1548 588 1605 nostr0.

218 1649 261 1718 Di
277 1654 385 1720 Roma
402 1672 421 1720 2
437 1655 481 1723 de
497 1654 690 1723 Settembre
713 1674 724 1721 1
731 1670 771 1739 55
776 1674 807 1739 3.

707 1842 813 1923 3122

274 1990 414 2057 PATRI
438 1992 698 2063 nteflonso
723 1992 998 2061 SALMERONt
1022 1992 1084 2057 nx
1108 1989 1259 2058 conii.

543 2158 630 2200 noun
645 2159 660 2199 2
674 2156 868 2201 sttmunttls
884 2142 985 2215 15531.

160 2282 313 2341 Gaudium
326 2305 362 2343 ex
374 2288 501 2359 acceptis
510 2289 621 2345 litteris
631 2306 661 2345 se
671 2291 836 2362 percepisse
848 2286 1164 2363 significate-Nuntii
1169 2283 1380 2358 florentini.-

206 2376 249 2431 De
260 2376 350 2431 sociis
358 2378 671 2449 permutandis-De
683 2379 757 2435 aliis
774 2378 904 2435 Romam
922 2374 1290 2433 mittendis-salmam
1303 2372 1380 2428 Neo·

201 2466 267 2536 poli
280 2466 624 2525 mansurus-Minius
641 2468 779 2525 Genuam
797 2468 900 2523 iturus
917 2468 1054 2523 est-De
1074 2464 1186 2522 Olooio
1204 2468 1232 2518 et
1255 2462 1381 2517 Turrin-

206 2572 253 2613 πο.
261 2557 366 2611 -Post
377 2556 540 2628 seriptum:
553 2556 676 2613 litterae
687 2558 729 2613 od
741 2556 974 2630 neapolitanum
985 2561 1160 2629 prorogem.

222 2702 292 2767 Pax
309 2698 367 2767 X}

220 2816 455 2885 Riceuessimo
476 2818 590 2903 quelle
610 2820 653 2885 de
675 2820 730 2898 26,
759 2840 826 2885 con
848 2820 881 2885 la
908 2818 1009 2905 quale
1036 2815 1219 2882 habbiamo
1235 2815 1382 2880 'hanuto

158 2932 385 3001 consolatione
401 2934 456 3001 nel
472 2933 600 3021 Signor
615 2946 744 3002 nostro.
764 2936 808 3001 Et
830 2936 957 3020 perche
976 2932 1103 2999 habbia
1123 2933 1156 2997 la
1177 2928 1399 3023 medassima,

159 3046 179 3111 il
196 3049 234 3115 P.
255 3050 354 3115 Mtro.
374 3051 525 3136 Laynez‚
543 3050 576 3119 la
603 3052 765 3118 mandere
793 3050 902 3137 hoggi
923 3072 942 3116 a
962 3049 1142 3133 Fiorenza,
1167 3046 1257 3111 doue
1277 3044 1380 3111 etiam

160 3184 237 3247 pare
252 3166 450 3233 haueranno
466 3168 589 3233 adesso
610 3166 789 3233 occasione
809 3169 924 3233 buona
945 3166 979 3231 d'
1001 3166 1109 3232 hauer
1129 3163 1242 3248 quella
1262 3159 1382 3227 chiesa

158 3288 189 3343 et
204 3299 282 3347 casa
302 3281 346 3349 de
368 3302 429 3349 san
450 3280 670 3349 Giovannino
690 3294 715 3362 ¹,
739 3284 884 3351 essendo
908 3291 1020 3347 morto
1048 3301 1096 3345 un
1120 3276 1297 3357 canonico,
1323 3272 1380 3340 cui

159 3395 354 3463 canonicato
370 3418 451 3483 pare
468 3398 584 3486 uoglia
600 3398 622 3463 il
639 3396 752 3465 duca¹
773 3400 855 3465 dare
871 3397 907 3463 in
923 3397 1137 3482 ricompensa
1158 3394 1192 3459 di
1216 3415 1276 3459 san
1292 3389 1381 3458 Gio-

162 3508 317 3579 uannino.
336 3514 464 3581 Nostro
480 3514 608 3601 Signor
622 3513 672 3581 sia
689 3515 815 3583 lodat0.

221 3626 266 3695 Se
281 3650 342 3715 per
359 3627 382 3693 11
399 3640 515 3716 tempo
532 3630 719 3699 medesimo
736 3630 825 3699 fosse
842 3642 1017 3717 comprata
1041 3629 1072 3695 13
1095 3649 1174 3695 casa
1197 3626 1233 3692 di
1257 3622 1381 3711 Napoli

160 3752 192 3804 et
206 3742 333 3809 hauuta
350 3744 463 3829 quella
479 3745 514 3811 in
530 3745 707 3826 Fiorenza,
727 3768 806 3832 pare
826 3746 856 3815 i’,
872 3767 920 3811 un
939 3745 1087 3831 collegio
1107 3754 1143 3810 et
1162 3744 1185 3809 l’
1208 3743 1295 3809 altro
1315 3760 1378 3806 uo-

161 3855 249 3925 riano
263 3881 334 3927 non
350 3860 488 3927 hauersi
504 3860 645 3928 inuidia.
663 3862 759 3930 Iddio
775 3863 819 3929 N.
839 3862 877 3930 S.
896 3862 952 3929 nel
964 3860 1116 3927 material
1129 3856 1264 3927 edificio
1276 3869 1310 3926 et
1323 3856 1380 3923 nel

160 3972 307 4057 spiritual
325 3976 433 4044 faccia
448 3997 584 4063 sempre
600 3979 715 4063 quello
731 3977 806 4046 sarai
824 3989 924 4065 grato
938 4000 959 4045 3
975 3998 1038 4044 sua
1053 3973 1170 4043 diuina
1186 3973 1327 4040 maesta.

220 4088 262 4157 Di
279 4092 462 4159 Theodoro
478 4093 490 4127 ³
507 4106 559 4161 sta
575 4094 682 4159 molto
703 4094 792 4163 bene
812 4105 943 4181 quanto
963 4092 1075 4161 scriue
1098 4093 1141 4159 V.
1166 4092 1222 4170 R.;
1248 4111 1313 4176 pur
1336 4089 1381 4155 de

162 4212 363 4225 ²——

208 4284 221 4311 ι
255 4268 454 4327 Giouanniino
467 4289 524 4327 ms.

167 4374 368 4389 --...—..

209 4422 215 4451 ¹
253 4420 296 4475 Ex
309 4421 412 4478 codice
425 4422 542 4496 Regest.
556 4424 582 4489 I,
597 4423 648 4481 iol.
662 4438 717 4481 πον
730 4434 761 4480 et
774 4436 834 4483 211.

208 4516 217 4543 ²
253 4508 375 4567 Cosmas
393 4512 556 4571 Mediceus.
576 4514 648 4587 Agit
665 4514 703 4570 de
721 4516 824 4571 haere
843 4513 964 4569 uberius
983 4514 1165 4582 PotnnctJS,
1187 4512 1312 4582 Chron.,
1329 4514 1383 4595 ΙΙΙἡ

204 4608 233 4655 et
262 4618 289 4659 o.

160 4596 193 4666 ⁶9
208 4688 219 4721 ⁸
244 4612 426 4749 ⁷Theodotus
438 4694 588 4753 Peltanus.
