3567 5409
439 445 493 501 470
819 431 1028 489 Monuurnrr
1046 431 1231 495 lenimur,

405 584 495 655 tifice
510 583 629 671 quelli,
646 585 712 653 che
727 585 801 651 loro
816 584 951 666 dicam,
970 604 1078 670 penso
1092 583 1261 653 sarebeno
1276 582 1438 671 castigati
1452 584 1497 653 de
1516 585 1627 655 bunna

404 711 510 783 sorte3
525 698 632 769 main
649 720 734 787 pace
751 699 890 767 uocauit
906 721 969 768 nos
983 688 1154 780 Dominus
1173 700 1206 781 ⁴..
1223 710 1259 766 et
1276 698 1533 785 pacificamente
1551 722 1635 787 pro.

403 816 572 899 cedendo,
591 838 612 885 e
633 814 691 902 piri
713 826 829 902 prosto
849 825 1090 902 aspettaremo,
1113 835 1215 883 como
1230 814 1265 881 di
1282 836 1384 902 sopra
1403 816 1425 881 ὁ
1443 817 1550 895 detto,
1565 818 1625 885 che
1742 833 1744 840 ·

403 931 471 1002 Dio
488 932 538 1001 N.
550 933 588 1001 S.
607 930 715 999 faccia
731 944 854 1017 questo
870 929 986 999 officio
1001 940 1235 999 suauemente.
1255 930 1298 997 Et
1314 931 1358 999 de
1372 930 1428 997 his
1442 930 1536 999 satis.
1629 980 1634 993 .

428 1108 442 1124 ,,
472 1046 543 1133 Qui
560 1048 687 1115 mando
702 1048 734 1114 la
749 1046 848 1133 copia
862 1048 907 1114 de
924 1049 982 1112 un’
1006 1046 1093 1114 altra
1113 1046 1234 1113 lettera
1250 1044 1369 1114 scritta
1388 1068 1408 1113 a
1430 1048 1471 1113 28
1494 1049 1538 1115 de
1559 1048 1624 1115 Lu·

404 1162 451 1229 lio
472 1164 496 1230 ¹.
523 1164 567 1231 V.
591 1164 647 1243 R.,
670 1162 699 1229 si
720 1166 789 1249 puo
807 1172 947 1235 tmuare
967 1156 1080 1247 quelle
1095 1160 1297 1239 anottationi
1317 1173 1410 1229 sotto
1424 1164 1457 1230 la
1473 1163 1568 1231 Bibia
1584 1165 1626 1230 de
1743 1193 1745 1224 ÷

406 1280 556 1347 Roberto
576 1278 731 1359 stefano,
756 1280 847 1347 doue
862 1278 892 1344 si
915 1289 1043 1346 notano
1059 1278 1083 1345 li
1098 1278 1176 1347 suoi
1198 1278 1318 1359 errori,
1335 1280 1388 1355 de⁸
1399 1280 1512 1366 gratia
1530 1278 1581 1346 si‘
1595 1282 1627 1348 le

405 1394 521 1462 mandi
535 1396 563 1462 ⁸.

473 1512 537 1579 Del
554 1510 617 1579 far'
634 1510 667 1578 le
689 1511 820 1578 scholio
838 1511 871 1577 al
891 1512 994 1577 modo
1012 1511 1050 1578 d'
1070 1511 1170 1579 Italia
1191 1531 1263 1579 non
1282 1533 1366 1598 pare
1386 1514 1450 1581 che
1472 1512 1627 1580 accaderi
1744 1591 1746 1612 Ι

406 1627 549 1714 parlare‚
567 1647 637 1695 non
652 1627 816 1695 hauendo
832 1626 990 1714 collegio,
1009 1626 1052 1695 ne
1066 1629 1203 1696 securta
1218 1626 1262 1695 de
1277 1629 1406 1696 auerlo.
1425 1627 1473 1697 Se
1489 1649 1550 1716 pur
1567 1650 1626 1714 pn-
1744 1619 1746 1682 ἵ

407 1762 481 1811 rese
497 1743 563 1810 alla
578 1744 619 1810 R.
639 1744 684 1813 V.
701 1743 769 1811 che
784 1743 930 1810 sarebbe
951 1742 1193 1826 conueniente,
1210 1742 1319 1811 faceia
1342 1754 1447 1812 conto
1463 1742 1539 1812 delii
1555 1746 1631 1811 suoi

406 1879 469 1945 per
483 1858 618 1940 adesso,
636 1869 671 1927 et
687 1879 756 1925 non
771 1859 807 1924 d'
824 1856 900 1924 altri
916 1859 981 1926 che
996 1857 1032 1925 di
1051 1879 1120 1944 qua
1140 1856 1168 1925 si
1193 1858 1366 1940 nandino,
1390 1860 1547 1927 massime
1564 1860 1627 1926 du«

407 1985 504 2043 rante
518 1973 631 2061 questi
648 1972 798 2055 tumulti3
816 1984 852 2040 et
866 1975 911 2041 V.
927 1975 969 2042 R.
986 1974 1058 2041 sarri
1069 1974 1158 2043 bene
1170 1974 1214 2044 de
1225 1994 1390 2062 procurat
1400 1973 1516 2041 alcuni
1526 1976 1627 2043 buoni
1745 2019 1747 2076 3

406 2088 585 2177 suppositi:
604 2098 639 2156 et
654 2110 723 2155 non
738 2090 885 2157 essendo
900 2088 935 2155 di
950 2088 985 2157 la
1003 2087 1221 2170 necessarii,
1238 2110 1279 2159 se
1291 2087 1304 2130 ¹
1315 2088 1340 2157 li
1355 2090 1479 2178 puotrri
1495 2090 1629 2157 mandor
1745 2181 1746 2186 ἵ

407 2226 487 2291 qua,
505 2204 596 2271 doue
611 2225 680 2271 non
696 2204 866 2292 possiamo
882 2204 1076 2274 resisterea
1093 2202 1179 2272 tanti
1193 2204 1330 2293 collegii
1347 2226 1443 2273 corne
1460 2226 1501 2275 ce
1516 2207 1630 2273 offere-

407 2320 517 2402 scino‚
535 2318 638 2389 etiarn
654 2340 719 2387 con
736 2340 816 2391 case
831 2332 867 2389 et
882 2320 1020 2403 intrate,
1038 2342 1099 2408 per
1114 2342 1185 2388 non
1198 2321 1306 2388 hauet
1318 2332 1439 2389 tanta¹
1455 2334 1560 2408 gente
1570 2325 1631 2390 che

407 2436 568 2506 bastano.
1384 2423 1389 2439 '

474 2550 575 2619 circa
590 2551 613 2617 rr
631 2551 785 2618 beneficii
802 2552 836 2618 dr
854 2554 959 2620 ntro.
978 2552 1130 2620 Roberto
1143 2554 1320 2627 claisonio
1339 2575 1407 2621 non
1430 2554 1449 2621 e
1470 2521 1590 2621 co'ntro
1608 2555 1630 2619 ι’
1746 2593 1747 2596 ¹

409 2666 566 2735 instituto
586 2668 675 2737 della
696 2667 910 2755 Compannia
930 2667 1040 2738 cheli
1063 2667 1210 2757 ritenga,
1232 2670 1365 2758 purch&
1388 2670 1438 2737 sia
1461 2680 1580 2756 parato
1598 2670 1631 2736 di

290 2832 293 2839 .
408 2780 555 2849 lasciarli
570 2782 708 2869 quando
722 2782 747 2849 li
762 2782 838 2851 sarri
855 2784 1074 2851 comendato:
1091 2783 1233 2854 intendo
1248 2784 1351 2851 insin'
1368 2786 1434 2852 alla
1450 2784 1629 2871 professio-

410 2918 465 2966 ne.
488 2900 532 2966 Et
547 2918 585 2967 se
600 2896 615 2939 ¹²
631 2897 655 2963 li
666 2894 826 2967 beneficii
837 2918 925 2965 sono
936 2898 1102 2986 semplici,
1117 2910 1152 2968 et
1164 2921 1233 2967 non
1245 2899 1276 2967 si
1286 2900 1435 2966 mancha
1446 2902 1490 2967 de
1502 2898 1632 2967 satisfar
1747 2893 1748 2956 i

410 3016 441 3081 al
457 3013 580 3100 obrigo
596 3004 650 3081 ch’
665 3015 773 3097 hano,
789 3014 903 3083 anche
917 3012 952 3080 di
968 3023 1091 3100 questa
1105 3024 1204 3101 parte
1218 3036 1288 3083 non
1304 3014 1335 3081 ci
1352 3015 1371 3083 ὲ
1391 3013 1574 3083 occasione
1591 3016 1633 3083 de

409 3130 579 3216 scropolo.
599 3130 636 3199 S'
654 3151 674 3197 a
689 3125 738 3195 lui
754 3138 864 3197 stesso
879 3150 1043 3199 noccesse
1058 3128 1209 3199 ritenerli
1221 3130 1352 3198 allhora
1366 3130 1454 3198 saria
1466 3132 1536 3197 ben
1550 3131 1634 3199 farto

409 3245 602 3331 disponere3
620 3255 655 3313 et
671 3243 836 3313 auisando
852 3245 896 3313 V.
916 3246 974 3327 R.,
991 3244 1021 3312 si
1036 3245 1161 3332 puotrri
1176 3244 1328 3315 scriuere
1343 3246 1401 3333 pin
1417 3270 1438 3314 a
1453 3245 1566 3333 pierio.

451 3406 452 3409 ,
475 3360 531 3428 No
546 3358 576 3427 c'
594 3359 636 3448 [ὲ]
654 3361 754 3441 altro,
772 3379 811 3426 se
825 3380 896 3426 non
910 3359 1050 3429 hauisar
1064 3362 1109 3427 V.
1126 3362 1169 3429 R.
1187 3363 1252 3429 che
1267 3363 1299 3430 le
1319 3382 1400 3429 cose
1423 3361 1511 3429 della
1532 3362 1630 3429 Corn·

411 3476 536 3564 pognia
552 3479 668 3544 hanno
683 3476 790 3544 molto
804 3488 994 3563 augmento
1010 3496 1074 3563 per
1087 3477 1122 3545 la
1136 3476 1254 3545 diuina
1266 3477 1392 3565 gratia,
1409 3488 1444 3545 et
1455 3479 1521 3544 che
1533 3478 1578 3545 N.
1594 3480 1630 3545 Ρ.

408 3603 462 3661 sta
477 3592 565 3661 assai
582 3592 671 3662 bene
691 3603 727 3660 et
747 3590 827 3660 tutti
848 3593 869 3658 l’
890 3591 969 3658 altri
991 3593 1057 3661 che
1080 3593 1125 3661 V.
1151 3595 1195 3663 R.
1220 3613 1379 3675 conosce;
1404 3606 1441 3660 et
1463 3594 1529 3660 che
1551 3593 1636 3662 della

410 3707 504 3776 india
519 3706 548 3775 si
564 3708 582 3776 ὲ
598 3707 768 3775 chiamato
785 3710 888 3779 Mtr0.
907 3709 1100 3778 Francesco
1115 3708 1246 3778 Xauier
1260 3712 1327 3777 che
1341 3730 1457 3796 uenga
1467 3709 1503 3776 in
1516 3719 1636 3795 queste

409 3825 521 3894 bande
540 3827 563 3891 '.

461 4036 474 4064 e
509 4020 606 4076 cims.
648 4021 695 4063 -i
708 4036 744 4075 ce
764 4036 821 4075 mr.
864 4027 1088 4077 -ztantems
1130 4022 1179 4064 -11
1197 4037 1233 4077 ce
1253 4039 1311 4077 ms.

462 4203 474 4236 ⁴
510 4200 581 4255 lin
594 4199 685 4267 Con„
698 4198 762 4271 vll,
780 4210 823 4268 15.

463 4290 475 4325 ¹
511 4287 587 4345 Vide
604 4287 759 4363 epistolam
772 4284 855 4360 3594.

462 4380 474 4415 ⁶
510 4378 694 4448 Focaneus
709 4376 904 4449 chron.,111,
917 4373 1089 4447 293et294.
1103 4376 1267 4433 videantur
1278 4377 1434 4451 Epistola
1443 4378 1534 4438 PP...
1545 4378 1634 4433 Brod-

408 4471 481 4537 tr'...,
494 4484 561 4541 png.
576 4480 622 4535 95,
637 4466 686 4522 ubi
700 4464 853 4539 responsio
866 4463 903 4521 sd
915 4466 968 4520 has
980 4465 1088 4537 Ignatii
1098 4465 1212 4522 litteras
1224 4465 1403 4527 continetur.

413 4614 416 4628 ,
462 4560 473 4593 ²
512 4556 606 4612 Morte
619 4556 667 4611 die
681 4569 697 4610 2
710 4554 885 4612 Decembris
900 4566 970 4624 1552
981 4563 1172 4627 praeventus,
1185 4554 1216 4611 in
1228 4556 1374 4629 Europam
1392 4556 1539 4613 xaverius
1556 4556 1633 4613 veni·

406 4664 439 4703 re
452 4662 511 4702 non
524 4644 630 4718 potuit.
645 4646 827 4709 ΡοιΑΝουε,
843 4642 969 4708 coron..
985 4642 1021 4713 11,
1034 4641 1099 4713 783.
1120 4644 1167 4699 De
1183 4644 1232 4700 die
1250 4652 1349 4701 antem
1368 4646 1520 4703 xaveriani
1538 4644 1635 4703 obitus
