3567 5409
806 428 1015 489 Monurrenra
1034 431 1214 489 Iouerum

859 660 863 669 ’
953 631 1057 715 stro

503 788 659 857 PATER
681 786 896 875 JOANNES
918 792 983 859 DE
1006 793 1234 863 POLANCO
1259 795 1323 862 Ex
1346 794 1504 865 COMM.

700 921 838 979 unsar
862 922 1075 984 nomano
1100 924 1305 983 nuaram

757 1051 847 1096 noue
866 1039 902 1095 26
919 1052 1115 1099 sermonis
1137 1040 1207 1112 155³
1228 1044 1248 1099 ¹.
1288 1107 1292 1114 ,

385 1156 466 1213 Socii
478 1154 667 1213 lovanienses
679 1157 1209 1233 exspectantur.-l1ugistrijodoci
1219 1162 1249 1215 el
1263 1159 1351 1216 Patri
1362 1159 1456 1217 Siluii
1465 1165 1609 1233 procero

438 1246 519 1301 turia
534 1246 738 1303 instrumento
759 1246 937 1307 mittuntur.
946 1245 1112 1303 -Dubium
1126 1248 1498 1321 prepossitum-Litterae
1513 1248 1605 1322 Joaa·

442 1336 490 1391 nie
509 1336 546 1391 da
564 1334 656 1395 Titia.

458 1464 533 1529 Pax
545 1458 689 1529 Christi.

457 1574 665 1646 Charissime
683 1578 801 1647 Pater.

459 1710 498 1777 17
514 1692 618 1761 huius
638 1693 765 1761 mensis
792 1694 994 1783 scripseram
1015 1696 1061 1764 U.
1084 1695 1141 1777 R..
1164 1694 1225 1763 sed
1244 1695 1443 1765 tabellarius
1460 1696 1499 1762 in
1522 1696 1608 1762 hunc

391 1830 499 1895 usque
515 1810 604 1879 diem
621 1810 758 1879 uidetur
773 1810 946 1879 distulisse
961 1812 1222 1899 profectionem.

454 1928 617 1995 Nondum
644 1940 879 2015 peruenerunt
906 1928 949 1995 ad
977 1928 1106 1997 Vrbem
1130 1930 1239 2018 Mag.
1266 1928 1449 1998 Cornelius
1476 1930 1610 2016 Brogel-

389 2064 486 2111 mans
500 2055 535 2111 et
551 2044 626 2113 eius
640 2042 736 2127 socii,
755 2046 816 2113 sed
832 2044 867 2113 in
883 2048 988 2114 horas
1002 2058 1224 2135 expectamus
1240 2067 1360 2115 eorum
1375 2046 1567 2133 appulsum.

453 2160 601 2229 Mittitur
615 2159 880 2229 instrumentum
896 2161 1171 2249 procuratorium
1187 2160 1300 2229 {ratris
1316 2160 1423 2230 nostri
1440 2164 1536 2250 Mag.
1551 2164 1609 2251 Jo-

385 2274 462 2341 doci
478 2276 504 2357 ¹,
522 2287 558 2345 et
573 2274 691 2345 literae
706 2278 750 2344 ad
767 2278 809 2345 R.
828 2278 874 2349 V.
892 2292 928 2346 et
948 2278 1120 2365 quendam
1141 2276 1255 2344 uirum
1271 2278 1402 2345 bonum
1418 2276 1611 2348 bruxellen-

386 2410 473 2459 sem.
492 2393 663 2477 Utrasque
678 2413 758 2459 cum
775 2392 915 2475 uideris,
931 2395 1045 2477 Pater,
1059 2406 1094 2463 et
1110 2392 1318 2464 intellexeris
1329 2394 1413 2479 quid
1425 2394 1517 2461 sacto
1528 2414 1613 2481 opus

387 2504 444 2588 sit,
462 2506 661 2595 diligentur,
679 2528 820 2594 quaeso,
838 2508 1059 2597 perferendas
1082 2509 1220 2577 curabis
1236 2531 1306 2591 eas,
1329 2530 1419 2595 quae
1437 2508 1614 2578 Bruxellas

388 2620 582 2706 mittuntur;
600 2634 635 2693 et
651 2624 680 2691 si
696 2645 783 2711 opus
800 2624 903 2693 fuerit
920 2624 970 2691 uti
992 2624 1220 2694 instrumento
1242 2624 1489 2712 procuratorio,
1507 2625 1549 2694 V.
1575 2624 1612 2691 R.

311 2746 314 2755 '
387 2750 515 2821 utetur,
530 2760 609 2807 nam
620 2738 773 2827 Jodocus
785 2740 819 2806 in
832 2738 954 2827 spiritu
966 2762 1036 2809 non
1047 2762 1170 2828 parurn
1183 2740 1358 2809 iuuabitur
1375 2745 1425 2829 (ut
1446 2740 1520 2829 ipse
1542 2740 1613 2810 exi·

386 2853 515 2938 stimat,
537 2866 573 2924 et
593 2878 656 2923 nos
683 2855 798 2945 etiam)
819 2855 849 2923 si
875 2854 1056 2943 expeditus
1076 2856 1180 2926 fuerit
1195 2878 1216 2924 a
1232 2876 1346 2925 rerum
1361 2856 1503 2925 suarum
1518 2876 1611 2936 cura,

387 2992 488 3057 quae,
511 2970 669 3057 quamuis
697 2982 819 3041 tenues
838 2963 934 3054 satis,
956 2969 1052 3039 illurn
1073 2983 1188 3040 tamen
1210 2970 1381 3040 solicitum
1406 2984 1525 3041 tenent
1539 2969 1613 3039 ali·

387 3088 537 3173 quando.
1122 3105 1125 3110 ·
1523 3088 1528 3093 ’

453 3202 603 3272 Mittitur
617 3214 652 3272 et
672 3201 765 3271 aliud
787 3204 1052 3271 instrumentum
1073 3206 1168 3291 Mag.
1192 3203 1285 3273 Petri
1298 3199 1423 3291 Syluii‚
1445 3202 1506 3291 qui
1521 3204 1612 3272 labo

387 3330 440 3385 rat
455 3319 555 3407 graui
571 3318 692 3407 capitis
704 3321 836 3401 morbo,
850 3330 884 3389 et
897 3321 1001 3390 uellet
1013 3318 1125 3388 iuuari
1137 3320 1242 3387 rebus
1254 3318 1326 3387 suis
1337 3320 1496 3407 propriis.
1512 3318 1557 3389 V.
1571 3320 1610 3387 R.

384 3434 521 3503 curabit
548 3447 598 3517 ut,
620 3434 784 3521 quicquid
806 3434 973 3523 pecuniae
999 3434 1162 3504 debonis
1189 3432 1297 3521 ipsius
1323 3433 1449 3503 confici
1472 3434 1609 3522 poterit,

384 3551 564 3618 commode
580 3550 751 3638 adipsum
771 3552 896 3635 mittat;
914 3570 1090 3638 speramus
1112 3561 1228 3619 tamen
1243 3550 1354 3638 ipsum
1369 3549 1509 3619 sanitati
1528 3550 1611 3621 iute-

386 3686 450 3752 gre
467 3664 730 3736 restituendum.

451 3780 582 3869 Scripsi
598 3782 714 3869 elapso
730 3783 884 3871 proxime
904 3804 1021 3852 mense
1037 3804 1101 3849 nos
1118 3782 1206 3851 velle
1221 3792 1372 3851 mentem
1387 3784 1433 3850 V.
1452 3784 1495 3850 R.
1512 3782 1608 3849 intel·

386 3896 493 3985 ligere
507 3908 542 3965 et
554 3898 723 3985 judicium
740 3898 776 3966 in
792 3900 871 3980 hoc,
886 3922 929 3967 an
947 3896 1077 3966 scilicet
1092 3910 1212 3965 contra
1233 3896 1505 3973 aedificationem
1523 3898 1610 3993 futu7

386 4032 462 4078 rum
478 4012 652 4083 existimet
667 4014 696 4081 si
711 4013 817 4101 aliqui
832 4036 875 4083 ex
890 4013 1029 4082 flandris
1045 4014 1089 4081 ad
1106 4034 1188 4081 suos
1203 4012 1370 4093 scribunt,
1390 4024 1429 4081 ut
1444 4016 1489 4082 ad
1499 4036 1540 4083 se
1553 4012 1609 4080 ali·

384 4128 468 4213 quid
483 4129 650 4217 pecuniae
677 4130 827 4212 mittant,
845 4140 884 4198 ut
912 4130 947 4195 in
963 4128 1111 4215 collegio
1125 4128 1268 4217 pauperi
1290 4149 1359 4196 non
1381 4142 1531 4217 grauent
1548 4129 1608 4199 So·

384 4244 556 4329 cietatem,
585 4245 743 4333 quamuis
770 4245 821 4313 eis
847 4244 962 4313 omnia
982 4246 1091 4333 gratis
1110 4246 1315 4327 offerantur,
1344 4244 1487 4333 perinde
1515 4255 1552 4312 ut
1568 4244 1609 4311 de

381 4360 454 4428 suis
481 4360 627 4449 propriis
647 4362 746 4431 bonis
765 4360 828 4450 ipsi
848 4360 915 4429 sibi
932 4360 1168 4448 prouiderent‚
1194 4359 1339 4447 aequius
1360 4372 1474 4429 tamen
1494 4358 1608 4429 existi-

439 4570 446 4602 ¹
485 4568 529 4623 Ex
541 4566 644 4623 codice
659 4568 780 4641 Rogati.
797 4567 822 4633 1,
836 4564 887 4627 iol.
902 4564 962 4622 32r.

433 4656 447 4691 ³
484 4654 588 4727 Jodoci
605 4656 701 4729 Papii.
