3567 5409
423 477 477 546 406
803 478 1011 534 Monunnrtra
1030 476 1211 535 Ιοιιιιτιιιιιι

416 718 419 725 Ι
455 631 496 699 ΕΙ
511 630 657 718 negocio
672 632 729 699 del
744 633 844 719 lugat
859 652 982 719 parece
996 634 1044 699 ha
1058 631 1134 699 sido
1149 631 1214 697 irio
1229 630 1336 718 algon
1354 639 1463 709 tanto,
1481 648 1612 713 avnque

387 768 434 813 no
448 748 492 815 de
504 759 601 835 parte
616 749 659 815 de
675 749 719 816 V.
737 750 794 815 R.:
812 770 873 817 sea
888 750 974 817 Dios
989 748 1125 817 servido
1140 749 1184 815 de
1201 747 1293 815 todo.

456 863 497 929 El
512 872 613 931 senor
630 865 743 931 Pedro
757 864 800 933 de
820 866 957 953 carate,
978 886 1023 933 en
1045 865 1145 951 lugar
1163 864 1208 930 de
1227 873 1338 929 tomar
1357 860 1610 941 encomieodas,

336 978 339 987 '
389 980 479 1047 anda
493 981 670 1067 pensando
685 1000 728 1047 en
745 980 777 1047 la
794 981 885 1047 tabla
900 980 1033 1067 piccola
1051 980 1074 1013 ¹⁸
1092 1000 1174 1066 para
1188 980 1233 1045 V.
1256 980 1299 1046 R.
1317 998 1379 1063 por
1393 975 1519 1043 ciertos
1534 996 1614 1063 pec·

390 1096 493 1163 cados
509 1116 576 1180 que
591 1098 635 1161 ha
653 1095 740 1162 visto
755 1116 800 1162 en
815 1117 875 1175 sus
890 1098 994 1164 letras
1009 1116 1091 1182 para
1107 1095 1151 1162 N.
1172 1097 1213 1162 P.

457 1212 614 1279 Estamos
630 1212 728 1283 todos
744 1213 888 1293 buenos,
907 1213 1004 1280 luera
1023 1213 1066 1279 de
1086 1213 1189 1279 Mtro.
1214 1209 1364 1278 Girardo
1389 1210 1427 1290 ¹¹,
1453 1229 1521 1293 que
1543 1212 1614 1276 esta

390 1346 455 1393 con
469 1326 636 1395 tercianas
647 1327 777 1395 dubles.
793 1330 859 1395 X.⁰
872 1338 1013 1395 nuestro
1025 1336 1130 1394 senor
1141 1348 1199 1394 sea
1211 1325 1309 1393 salud
1321 1347 1344 1410 y
1357 1323 1435 1391 vida
1447 1324 1492 1389 de
1504 1323 1611 1389 todos.

457 1442 502 1509 Al
520 1444 561 1509 P.
584 1442 738 1511 Oliuerio
758 1442 794 1509 ni
814 1443 847 1510 al
869 1445 909 1510 Ρ.
933 1444 1077 1511 Alberto
1102 1444 1127 1477 ¹⁴
1152 1463 1197 1509 no
1219 1442 1302 1518 abra
1325 1460 1392 1525 que
1416 1438 1612 1525 respondet,

389 1557 466 1625 sino
481 1579 549 1643 que
565 1564 584 1626 a
599 1558 650 1625 las
664 1558 841 1628 oraciones
856 1561 901 1627 de
918 1559 1016 1625 todos
1032 1558 1160 1625 mucho
1177 1578 1243 1624 nos
1257 1556 1555 1624 encomendamos.

456 1676 511 1743 De
526 1676 634 1741 Roma
650 1676 694 1742 26
709 1676 752 1742 de
768 1677 905 1763 Agosto
925 1691 1021 1759 1553.

459 1790 653 1875 Inscriptio.
672 1792 761 1858 Para
776 1792 808 1859 el
823 1793 882 1860 Dr.
901 1792 1024 1859 Olaue.

660 2060 918 2128 CARDINALI
941 1934 1161 2129 SarlNgTAE
1184 2060 1353 2129 CRUCIS

805 2204 893 2248 nona
908 2192 942 2247 26
955 2204 1093 2249 auousrr
1108 2191 1177 2262 ¹553
1189 2192 1210 2251 ¹.

426 2306 564 2379 Epistola
577 2304 892 2380 officioso.-Otaoias
911 2309 1039 2365 Romam
1060 2308 1231 2382 tempestiua
1247 2310 1483 2367 evocatum-Da
1499 2308 1584 2364 soriis

410 2480 415 2491 .
824 2398 1002 2471 saguntum
1018 2397 1186 2455 mittendis.

458 2514 557 2581 Rmo.
577 2516 690 2584 Mons.
708 2528 742 2583 et
758 2516 793 2583 in
809 2516 874 2583 X.⁰
890 2517 1211 2585 osseruandissimo.

458 2629 508 2696 La
525 2651 654 2698 somma
670 2630 781 2719 gratia
797 2644 833 2699 et
847 2654 944 2700 amor
958 2643 1080 2701 eterno
1094 2635 1139 2701 de
1154 2635 1220 2701 X.⁰
1236 2635 1283 2703 N.
1299 2634 1336 2702 S.
1356 2632 1459 2701 saluti
1475 2644 1511 2699 et
1526 2630 1613 2699 uisiti

392 2745 435 2813 V.
454 2745 541 2814 Stia.
561 2748 659 2814 Rma.
678 2766 743 2814 con
759 2748 835 2815 suoi
851 2748 1036 2816 santissimi
1052 2748 1132 2816 doni
1148 2760 1183 2819 et
1198 2750 1310 2835 gratie
1325 2747 1506 2835 spirituali.

460 2861 528 2929 Per
543 2859 724 2928 auicinarsi
741 2862 798 2948 gia
816 2862 838 2929 il
854 2864 1060 2940 Settembre.
1079 2864 1169 2933 doue
1189 2864 1219 2932 si
1238 2864 1367 2933 doueri
1387 2866 1450 2931 dar
1464 2864 1613 2931 ordines

391 2986 515 3060 questo
531 2975 644 3043 studio
661 2978 704 3045 de
721 2980 828 3045 Roma
845 2982 954 3065 (corne
969 2981 1045 3048 sari
1065 2979 1248 3049 informato
1269 2982 1313 3048 V.
1331 2979 1419 3049 Sria.
1442 2980 1566 3061 Rma.),
1582 2990 1614 3046 et

392 3090 517 3159 esserci
534 3092 621 3159 assai
638 3093 831 3163 necessario
848 3118 910 3183 per
924 3097 972 3162 tal
986 3099 1106 3165 effetto
1117 3098 1149 3163 la
1165 3096 1335 3183 presentia
1347 3097 1403 3165 del
1415 3098 1479 3167 Dr.
1493 3097 1611 3175 Olane,

391 3227 462 3273 non
479 3228 582 3293 posso
599 3229 666 3275 non
683 3210 875 3297 supplicare
891 3234 911 3279 a
927 3215 971 3280 V.
990 3213 1078 3281 Sria.
1098 3214 1196 3281 Rma.
1218 3211 1247 3279 si
1271 3212 1376 3298 degni
1399 3210 1613 3279 rimandarci·

391 3322 438 3404 lo,
457 3322 582 3408 poiche
599 3326 646 3391 lui
664 3335 699 3394 et
712 3326 769 3392 noi
782 3328 875 3407 tutti,
893 3329 983 3398 done
995 3327 1023 3395 si
1036 3327 1152 3415 uoglia
1167 3330 1232 3395 che
1243 3328 1279 3417 ¹ci
1292 3328 1473 3409 trouiam0,
1486 3346 1613 3413 sempre

391 3448 539 3505 staremo
556 3440 760 3527 paratissimi
776 3444 807 3510 al
823 3442 965 3511 seruitio
980 3445 1024 3511 de
1039 3444 1083 3512 V.
1099 3428 1186 3513 Stia.
1201 3446 1300 3512 Rma.
1315 3444 1457 3531 agloria
1469 3444 1512 3512 de
1523 3440 1614 3510 iddio

392 3555 438 3625 N.
456 3556 493 3624 S.
514 3558 557 3623 Et
574 3578 635 3642 per
650 3560 794 3625 mandat
810 3572 932 3645 questo
944 3560 1138 3629 Settembre
1150 3560 1183 3627 in
1199 3560 1351 3647 Agubio,
1365 3560 1488 3628 sarain
1502 3557 1614 3626 ordine

391 3670 416 3738 il
432 3672 494 3739 Dr.
514 3673 688 3761 Agostino
704 3676 716 3708 ¹
733 3685 768 3743 et
785 3694 804 3741 2
821 3675 910 3759 altri3
925 3686 959 3744 et
972 3676 1000 3742 si
1012 3679 1032 3743 e
1044 3678 1305 3745 raccomandato
1317 3677 1349 3744 al
1364 3680 1467 3745 Mtro.
1483 3678 1613 3761 Laynez

402 3796 600 3807 ..Ψ-ᾳ..

438 3843 458 3873 “
496 3840 607 3896 Parvae
621 3860 739 3899 mensae
753 3844 887 3900 solebant
900 3847 1075 3901 accumbere
1087 3847 1137 3918 qui
1150 3846 1181 3901 in
1194 3844 1321 3902 triclinio
1331 3844 1612 3919 reprehensionibus,

387 3927 512 3998 jubente
525 3931 686 4002 superiore,
700 3933 908 4003 carpebantur.
926 3932 1016 3989 Porro
1029 3932 1153 3993 Olavius
1166 3934 1196 3991 in
1213 3936 1339 4007 epistola
1355 3933 1392 3989 ad
1410 3934 1555 4006 Ignatium
1574 3932 1614 3987 in·

391 4026 533 4074 seruerat:
549 4020 604 4075 «At
618 4026 704 4077 senor
717 4021 810 4077 Pedro
823 4020 860 4077 de
873 4024 979 4078 Zarate
993 4041 1039 4079 me
1049 4024 1242 4081 encomiendo
1256 4025 1362 4079 mucho
1373 4040 1413 4079 en
1425 4026 1453 4079 el
1467 4022 1569 4079 Senot.
1579 4022 1613 4077 st

390 4108 520 4179 capitulo
532 4106 570 4163 de
583 4125 618 4164 su
630 4118 710 4165 carta
724 4114 833 4167 mostre
846 4113 873 4167 al
884 4111 1033 4183 cardenal,
1046 4130 1067 4185 y
1079 4112 1117 4168 de
1130 4130 1261 4169 vetasse
1274 4115 1363 4185 holgo
1374 4129 1431 4168 con
1443 4114 1507 4168 el.»
1520 4109 1612 4184 Epist.

391 4196 517 4262 Mixtus,
531 4197 568 4269 V,
582 4210 645 4269 792.

437 4286 460 4319 ¹³
497 4286 647 4343 Gerardus
660 4290 807 4348 Brassica.

437 4376 459 4409 '⁴
496 4372 646 4433 Oliverius
659 4378 814 4435 Manareus
827 4386 857 4435 et
870 4380 1013 4435 Albertus
1026 4380 1232 4437 Ferrariensis.

448 4531 456 4561 ¹
495 4528 539 4583 Ex
552 4527 655 4585 codice
668 4532 786 4605 Ragsst.
801 4534 828 4598 1,
841 4532 891 4591 fol.
909 4546 972 4603 15v.
982 4564 1004 4573 -
1013 4532 1134 4605 Corios,
1148 4552 1178 4593 n.
1192 4533 1373 4592 CCCXLIII.

445 4620 457 4651 ¹
495 4617 681 4688 Augustinus
694 4619 731 4675 de
744 4622 771 4677 la
785 4622 870 4678 Riva.
885 4624 943 4679 Hic
956 4624 1124 4695 Eugubium
1142 4642 1209 4681 cum
1223 4623 1312 4680 sociis
1324 4624 1486 4681 mittendus
1497 4629 1566 4691 erat,
1580 4616 1614 4673 ad

392 4705 552 4775 collegium
565 4708 681 4765 scilicet
694 4708 863 4781 Societatis,
876 4715 933 4769 sub
944 4711 1101 4771 cardinalis
1113 4713 1235 4771 Cervtni
1247 4712 1387 4786 auspiciis
1400 4712 1573 4770 instituam.
