3567 5409
454 459 509 529 430
837 460 1045 515 Monunanrn
1065 460 1244 515 losrrrenr

992 615 1082 695 3721

497 747 637 813 PATRI
655 748 830 834 JOANNl
855 745 1120 815 BAPTISTAE
1142 746 1320 814 VlOLAE
1344 747 1406 813 EX
1429 746 1578 814 COMM.

813 890 902 933 norro
915 892 932 932 2
945 890 1140 933 sarrannnrs
1157 875 1228 947 1553
1241 880 1261 931 ¹.

420 1004 576 1058 Mutinam
591 1002 732 1057 Pnimius
744 1002 782 1057 ob
798 1002 923 1075 ignatio
939 1003 1094 1060 missus·
1103 1000 1150 1057 De
1167 1002 1289 1075 collegii
1308 1002 1489 1088 mutinensis
1503 1002 1642 1075 aedificio.

475 1090 576 1147 -Cur
601 1091 724 1149 Mutina
748 1092 857 1147 civitas
881 1090 994 1147 nostrie
1018 1090 1171 1147 sodalibus
1198 1093 1312 1162 porum
1338 1090 1644 1167 haiemim-Cogitat

472 1182 617 1256 [gnatius
633 1182 783 1247 Genuam,
797 1182 838 1237 od
850 1198 965 1235 novum
978 1181 1139 1237 Socioiolis
1147 1180 1320 1254 collegium,
1342 1181 1458 1236 Violom
1475 1184 1600 1240 mitiore.

489 1312 563 1375 Pax
578 1306 718 1375 Christi.

488 1425 622 1509 Questa
639 1424 758 1492 lettera
775 1426 851 1491 sara
867 1422 987 1491 faccile
1008 1422 1096 1488 troui
1114 1421 1256 1489 insieme
1277 1423 1320 1489 V.
1344 1424 1386 1489 R.
1409 1444 1476 1490 con
1496 1422 1520 1489 il
1539 1422 1642 1492 Padre

367 1606 370 1611 ,
419 1540 490 1605 don
507 1540 533 1605 F
537 1559 698 1605 rancesco
716 1538 859 1619 Palrnio‚
878 1560 898 1604 a
921 1538 979 1625 qui
1003 1537 1124 1604 ordino
1148 1539 1192 1604 N.
1221 1540 1262 1604 P.
1287 1538 1405 1605 andasi
1429 1538 1465 1605 in
1488 1539 1640 1617 Modera,

420 1654 631 1723 intendendo
654 1676 759 1721 erano
788 1653 869 1719 tutti
896 1652 1045 1721 amalati.
1076 1655 1119 1719 Et
1147 1652 1399 1730 rimettendomi
1427 1676 1449 1720 a
1474 1655 1587 1739 quello
1610 1655 1641 1719 iu

420 1771 540 1837 scritto
556 1782 629 1837 otto
645 1769 681 1839 dl
697 1772 732 1837 fa
748 1775 772 1852 ²,
791 1792 860 1837 non
876 1769 951 1839 diro
969 1770 1003 1835 in
1020 1781 1142 1855 questa
1157 1771 1243 1836 altro
1259 1790 1360 1856 sopra
1372 1771 1486 1854 quella
1497 1769 1640 1848 materia,

422 1908 459 1953 se
476 1909 544 1953 non
561 1889 627 1953 che
643 1908 724 1973 pare
742 1888 831 1953 bona
847 1883 1046 1953 occassione
1063 1906 1123 1971 per
1136 1884 1269 1952 vscirne
1282 1884 1316 1951 di
1330 1899 1452 1969 questa
1465 1908 1544 1953 casa
1555 1895 1642 1951 tanto

420 2000 705 2070 disconueniente
732 2002 846 2087 quello
873 2004 938 2067 che
966 2001 1078 2089 allega
1104 2002 1138 2069 la
1164 2000 1396 2088 Compagnia,
1424 2002 1513 2069 della
1539 2002 1643 2087 qualle

422 2116 536 2185 scriue
554 2120 597 2184 V.
618 2118 659 2185 R.
679 2120 744 2185 che
762 2139 831 2184 non
847 2118 871 2183 li
895 2115 989 2204 uogli
1009 2115 1132 2183 lasciar
1151 2138 1189 2183 se
1213 2138 1280 2184 non
1302 2116 1416 2184 insino
1436 2118 1501 2183 alla
1526 2129 1643 2185 venula

422 2234 476 2299 del
497 2254 645 2302 vescouo
661 2234 687 2299 ³.
707 2234 751 2299 Et
766 2256 804 2300 se
820 2231 1020 2318 monsignor
1036 2232 1060 2298 il
1072 2253 1222 2299 vescouo
1233 2254 1303 2299 non
1317 2233 1397 2299 fossi
1411 2242 1557 2313 tommo,
1570 2254 1642 2319 pare

424 2348 513 2416 saria
531 2347 760 2416 conueniente
782 2348 923 2413 andario
943 2370 963 2413 a
985 2360 1122 2414 trouarc
1142 2350 1190 2435 (se
1210 2348 1268 2435 gia
1288 2350 1394 2415 molto
1413 2348 1448 2416 di
1468 2360 1564 2415 corto
1582 2370 1642 2415 non

423 2468 453 2531 s'
471 2463 676 2551 aspettassi).
701 2466 743 2530 Er
760 2463 861 2530 insin'
879 2486 900 2530 a
916 2474 1012 2531 tanto
1028 2467 1092 2531 che
1112 2463 1141 2529 si
1157 2462 1282 2531 habbia
1297 2464 1393 2531 aviso
1416 2486 1485 2531 non
1506 2486 1586 2550 parc
1599 2463 1643 2529 sia

424 2582 510 2647 altro
534 2581 577 2647 da
598 2580 760 2659 scriuere‚
783 2580 908 2665 perche
929 2580 1049 2665 pende·
1063 2582 1094 2647 la
1114 2580 1259 2666 risposta
1279 2580 1314 2645 di
1333 2580 1428 2647 molti
1456 2579 1642 2666 particolari

422 2696 470 2762 dil
487 2718 585 2782 saper
601 2696 633 2762 la
654 2695 861 2762 resolutione
877 2698 944 2763 che
964 2694 1116 2783 pigliano
1137 2696 1192 2762 del
1212 2707 1282 2763 star
1301 2695 1337 2761 in
1359 2694 1503 2762 lllodena
1524 2718 1546 2762 ο
1565 2716 1640 2761 non.

424 2814 468 2878 Et
484 2812 519 2878 in
535 2823 658 2897 questo
674 2833 790 2879 mezzo
806 2810 848 2877 V.
874 2812 915 2877 R.
939 2811 968 2877 si
988 2811 1138 2878 sforzara
1159 2786 1192 2877 δ’
1213 2810 1374 2897 aggiutar
1394 2832 1415 2878 a
1436 2810 1553 2877 Pietro
1572 2810 1642 2877 sici-

422 2928 515 2994 liano
534 2926 700 2995 conformi
718 2950 738 2995 a
754 2926 867 3011 quello
883 2925 912 2992 si
928 2927 946 2993 ὲ
963 2928 1081 2992 scritto
1098 2928 1182 2994 altre
1198 2927 1301 3007 volte;
1317 2939 1352 2994 et
1367 2928 1454 2994 veda
1466 2924 1500 2992 d'
1513 2926 1644 2993 Andrea

422 3064 461 3111 se
477 3044 580 3110 staria
597 3042 724 3129 meglio
741 3043 873 3107 altroue
889 3042 978 3108 nella
994 3062 1057 3107 sua
1072 3041 1261 3127 prouincia.

490 3162 544 3227 De
560 3161 593 3223 la
616 3158 734 3225 siccitir
759 3158 793 3225 di
815 3158 974 3237 Modena‚
1001 3169 1096 3223 tanto
1120 3178 1242 3225 auersa
1264 3159 1320 3225 del
1336 3156 1494 3225 instituto
1517 3171 1642 3237 nostro,

425 3298 493 3342 non
522 3279 542 3343 e
569 3278 612 3341 de
640 3275 956 3361 nrarauigliarsene,
979 3274 1162 3343 essendoui
1183 3274 1269 3341 tanti
1297 3275 1438 3342 heretici
1465 3275 1501 3340 in
1526 3276 1641 3359 quella.

423 3394 471 3460 Sc
492 3392 521 3459 si
543 3392 718 3460 risolueno
741 3391 775 3457 di
796 3402 918 3470 restat,
940 3390 969 3457 si
997 3393 1121 3477 puotra
1149 3390 1252 3457 veder
1279 3393 1345 3457 che
1368 3389 1398 3457 si
1424 3390 1481 3458 dia
1509 3392 1645 3477 qualche

424 3508 545 3575 ordine
562 3520 576 3549 ²
591 3508 681 3575 circa
701 3509 733 3573 la
751 3506 956 3592 prouisione3
975 3519 1010 3574 et
1026 3506 1060 3571 in
1077 3517 1168 3572 tutto
1184 3508 1289 3573 credo
1306 3507 1383 3573 sari
1399 3509 1492 3573 buon
1508 3506 1643 3595 aggiuto

423 3624 448 3690 il
466 3626 577 3692 Padre
593 3626 662 3690 don
682 3625 710 3691 F
712 3644 874 3690 rancesco
892 3623 1034 3689 Palmio.

490 3740 557 3807 Gir
575 3739 603 3805 si
625 3742 643 3806 ὁ
664 3738 784 3805 scritto
804 3738 896 3805 circa
916 3739 941 3803 il
961 3750 1052 3807 stare
1071 3740 1106 3806 di
1127 3742 1171 3805 V.
1194 3742 1236 3806 R.
1259 3740 1294 3805 in
1310 3740 1471 3820 Modera,
1495 3742 1561 3806 che
1582 3758 1643 3804 non

425 3854 507 3923 sossi
525 3876 591 3921 corr
609 3852 823 3941 pergiudicio
844 3853 878 3919 di
900 3876 963 3921 sua
982 3853 1104 3921 sanita.
1128 3855 1184 3922 Dil
1200 3866 1305 3935 resto,
1323 3876 1383 3941 per
1406 3866 1528 3940 quatro
1551 3850 1643 3923 messi

422 3970 551 4038 incirca
568 3976 596 4037 s'
615 3974 635 4038 ὁ
651 3974 770 4037 scritto
786 3980 915 4056 poteua
932 3972 975 4037 V.
996 3971 1036 4036 R.
1055 3970 1208 4037 fermarsi
1225 3969 1260 4036 in
1277 3972 1425 4040 Modena
1440 3994 1544 4038 sanza
1558 3992 1643 4040 esser

424 4088 587 4153 mandato
604 4088 748 4153 altroue.
776 4086 851 4153 Con
875 4096 997 4170 questo
1020 4086 1050 4151 si
1073 4087 1193 4153 faceua
1219 4086 1366 4173 disegno
1389 4090 1465 4167 che,
1494 4086 1643 4153 andando

423 4204 525 4270 alcun
548 4224 692 4269 numero
713 4202 791 4269 delli
814 4203 922 4270 nostri
943 4225 1003 4289 per
1023 4204 1084 4268 dar
1111 4202 1277 4289 principio
1305 4205 1348 4269 ad
1371 4226 1417 4269 vn
1444 4203 1588 4291 collegio
1612 4203 1642 4267 in

477 4428 490 4454 a
527 4412 623 4465 ordire
637 4429 691 4470 ms.

426 4536 638 4546 -....--..—-——.

478 4602 486 4633 ¹
525 4604 569 4655 Ex
582 4600 684 4655 codice
700 4600 814 4673 Regesl.
830 4600 856 4667 I,
869 4598 920 4657 fol.
936 4614 1001 4656 ιον.
1307 4604 1319 4635 ²
1357 4602 1487 4672 Epistola
1499 4600 1577 4669 3691.

477 4692 488 4721 ⁵
528 4690 881 4759 AegidrusFoscararius.
