3567 5409
578 453 855 524 Errsr.3905.-r1
877 453 1066 511 Novurrnnrs
1088 451 1157 523 1553
1386 457 1437 526 691
1486 513 1488 518 ,
1569 422 1572 426 .

308 608 362 674 De
379 604 545 674 Thadeo'
562 607 621 693 gii
638 608 673 673 fu
691 607 812 674 scritto
829 608 915 675 altra
930 608 1035 674 volta:
1051 629 1132 694 pare
1147 629 1218 674 non
1234 606 1359 674 habbia
1375 617 1476 693 tropo

240 723 337 790 saldo
353 721 377 788 il
392 724 557 804 ceruello,
575 725 709 792 bench&
724 723 754 790 si
766 724 900 791 vedano
915 722 953 790 in
967 723 1016 791 lui
1028 721 1133 790 lucidi
1145 721 1330 792 interualli.
1346 725 1476 809 Propo·

238 860 285 904 na
305 839 350 906 V.
374 841 412 906 R.
436 861 456 906 a
476 839 680 926 monsignor
699 851 819 907 nostro
840 841 852 874 ⁸
874 861 913 906 se
934 838 983 927 gli
1004 860 1086 924 pare
1108 838 1235 926 meglio
1255 839 1434 906 mandarlo
1455 861 1476 907 a

241 975 322 1023 casa
337 975 412 1035 sua,
430 976 452 1020 0
467 975 550 1021 vero
565 955 600 1022 in
618 955 861 1042 peregrinagio
876 975 981 1023 sanza
992 953 1114 1022 denari
1126 975 1145 1021 a
1158 957 1279 1036 Roma,
1293 976 1315 1021 o
1327 975 1410 1022 vero
1421 953 1476 1021 in·

238 1070 387 1137 drizarlo
402 1070 447 1138 ad
462 1072 548 1138 altra
564 1070 756 1155 relligione.
776 1072 847 1136 Pur
863 1080 985 1156 questo
997 1069 1117 1136 vltimo
1132 1091 1204 1137 non
1219 1070 1364 1139 sarebbe
1383 1069 1476 1138 forsa

239 1186 285 1253 de
300 1187 407 1254 molta
422 1186 554 1254 chariti
572 1206 672 1254 verso
688 1187 720 1253 la
737 1186 929 1274 relligione,
947 1187 1087 1254 dandoli
1103 1187 1150 1253 tal
1167 1185 1360 1273 supposito

306 1301 408 1369 Circa
425 1301 593 1369 Enrrico⁴
611 1304 654 1370 V.
671 1305 713 1370 R.
727 1302 817 1372 veda
827 1303 861 1369 d'
876 1301 1074 1390 aggiutarlo
1085 1302 1153 1369 alla
1164 1323 1228 1369 sua
1239 1300 1363 1382 sanim,
1378 1322 1476 1388 sgra·

239 1417 390 1484 uandolo
404 1418 495 1486 delle
508 1417 637 1487 fatiche
652 1419 721 1487 che
735 1440 805 1484 non
822 1421 892 1505 pud
907 1425 1134 1485 suauemente
1150 1416 1271 1504 patire.

308 1533 353 1601 Al
372 1534 483 1602 Padre
498 1533 698 1601 comissario
716 1536 728 1570 ⁸
745 1535 871 1602 mando
892 1533 953 1619 qui
973 1555 1042 1600 vna
1060 1535 1194 1614 lettera,
1217 1534 1345 1620 perche
1367 1553 1475 1618 penso

238 1648 317 1715 sari
333 1648 391 1735 git
407 1650 534 1716 andato
550 1653 659 1717 costi:
677 1651 768 1719 doue
784 1671 867 1732 non,
881 1670 919 1717 se
935 1649 959 1715 li
976 1649 1074 1736 potrd
1090 1648 1272 1736 guardare.

308 1765 387 1832 Non
403 1765 490 1831 altro
506 1787 567 1850 per
584 1776 718 1850 questa,
737 1787 860 1834 senon
877 1767 942 1834 che
958 1763 1082 1832 stiamo
1099 1765 1188 1834 bene
1199 1775 1234 1833 et
1245 1762 1276 1830 ci
1290 1784 1474 1830 racoman·

243 1878 358 1948 diamo
375 1879 456 1946 tutti
473 1878 529 1948 all'
544 1879 691 1947 orationi
707 1882 751 1949 de
768 1882 814 1951 V.
830 1883 871 1948 R.

313 1995 372 2064 Sia
379 1997 463 2084 Jesu
475 1995 541 2066 X.⁰
555 1997 637 2065 nell'
651 1996 765 2064 anime
777 2009 907 2065 nostre.
926 1999 1052 2064 Amen.

310 2114 364 2179 De
381 2114 489 2179 Roma
509 2131 544 2180 11
565 2113 599 2178 d'
619 2114 821 2182 Nouembre
842 2128 939 2198 1553.

311 2229 508 2314 Inscriptio.
529 2229 689 2309 Venetia,
704 2229 737 2295 al
750 2239 897 2296 rectore.
948 2201 952 2216 ⁵

306 2453 404 2519 Della
420 2451 568 2520 lectione
583 2451 619 2518 in
635 2452 749 2538 logica
764 2455 829 2519 che
845 2451 1046 2538 monsignor
1059 2450 1171 2517 vorria
1187 2451 1216 2518 si
1231 2451 1371 2538 legessi,
1394 2474 1477 2538 pare

239 2569 321 2637 aN.
341 2569 381 2636 Ρ.
400 2571 477 2656 che,
496 2567 717 2635 mostrandoli
734 2569 778 2634 V.
798 2569 840 2635 R.
858 2565 880 2632 l’
896 2566 1155 2636 inconuenienti
1170 2570 1235 2634 che
1254 2589 1379 2650 sonno,
1403 2589 1478 2634 mo-

240 2685 300 2750 stri
323 2683 444 2751 uolerli
464 2683 690 2770 complacere,
713 2694 749 2750 et
770 2694 867 2750 tanto
889 2682 998 2750 faccia
1013 2683 1149 2769 {quanto
1169 2683 1242 2750 dirt
1262 2683 1358 2752 detto
1380 2706 1479 2750 mon-

240 2799 373 2887 signor.

188 2990 190 2994 ,
307 2918 362 2984 De
384 2917 417 2982 le
437 2917 552 3004 parole.
574 2917 618 2986 de
640 2919 740 2984 Mtro.
764 2915 921 2984 Arnoldo
941 2918 953 2953 ⁰
975 2927 1010 2982 et
1026 2918 1115 3005 Joan
1133 2915 1286 2983 Antonio
1308 2918 1332 2996 ⁷,
1355 2915 1477 3001 poiche

240 3034 357 3099 hanno
375 3044 472 3101 tanto
488 3032 721 3100 riconosciuto
736 3054 799 3100 sua
815 3033 930 3120 colpa,
948 3054 1020 3099 non
1041 3033 1206 3100 accederit
1226 3032 1326 3111 altro,
1348 3053 1387 3099 se
1407 3053 1476 3098 non

241 3145 479 3218 ricomendarli
497 3149 522 3214 il
536 3149 654 3215 debito
671 3160 808 3234 respeto
823 3159 858 3218 el
876 3148 1043 3217 modestia
1061 3170 1160 3217 verso
1178 3147 1202 3212 li
1223 3147 1399 3234 superiori.
1417 3149 1475 3214 Ma

240 3275 370 3348 quanto
387 3265 418 3330 al
436 3263 525 3331 libro
542 3264 716 3333 haeretico
733 3285 861 3350 pareua
872 3263 1104 3331 conueniente
1115 3263 1144 3329 si
1156 3262 1333 3330 mostrassi
1345 3262 1411 3329 alla
1424 3261 1479 3327 in-

241 3378 427 3464 quisitione
447 3379 543 3448 aecio
564 3384 591 3446 s'
610 3379 751 3449 intenda
773 3383 838 3446 che
860 3379 917 3447 chi
941 3379 1032 3448 tiene
1057 3379 1124 3446 tale
1147 3378 1319 3465 opinione,
1346 3389 1381 3446 et
1405 3400 1476 3444 non

241 3497 430 3564 solamente
447 3496 469 3562 il
485 3496 574 3563 libro
592 3497 705 3564 chela
721 3496 895 3576 contiene,
913 3497 1003 3564 deue
1018 3517 1112 3564 esser
1127 3493 1297 3581 castigato
1314 3495 1367 3560 col
1387 3497 1477 3562 foco

242 3613 288 3681 Se
304 3632 389 3698 pure
406 3614 449 3679 V.
468 3615 510 3680 R.
527 3611 635 3698 prima
648 3615 750 3680 vorrt
761 3612 927 3698 replicare
940 3612 1087 3697 qualche
1098 3632 1180 3677 cosa
1192 3632 1213 3676 a
1225 3612 1345 3690 Roma,
1359 3611 1394 3676 lo
1408 3613 1478 3696 pud

240 3730 315 3796 fare
331 3727 439 3813 prima
455 3731 521 3796 che
537 3713 660 3814 parlnr'
679 3729 744 3794 alla
760 3726 996 3813 inquisitione.

308 3847 362 3912 De
379 3846 487 3911 Roma
509 3863 544 3912 11
564 3845 608 3911 de
624 3845 823 3912 Nouembre
850 3858 948 3929 1553.

310 3961 507 4046 Inscriptio.
524 3962 592 4027 Per
607 3958 630 4026 il
648 3960 847 4028 medesimo.

311 4076 403 4162 Quel
424 4076 575 4163 capitulo
596 4079 661 4143 che
683 4088 781 4144 rocca
801 4077 867 4142 alla
888 4074 1111 4162 inquisitione
1130 4076 1159 4141 si
1180 4075 1292 4143 scriue
1311 4095 1371 4162 per
1398 4076 1479 4142 dare

296 4249 307 4281 ¹
345 4243 521 4301 Thaddaeus
536 4246 687 4302 Amaroni.
702 4245 779 4302 Vide
793 4246 949 4318 epistolam
963 4243 1045 4302 3882.

297 4335 309 4367 ³
346 4333 481 4390 Andreas
496 4333 709 4407 Lipponranus.

297 4427 309 4458 ⁴
346 4423 694 4483 HenricusSommalius.

298 4515 309 4547 ⁵
346 4513 663 4582 Josnnetha.Viola.

298 4603 310 4636 ⁰
348 4600 495 4657 Arnoldus
509 4601 658 4659 Conchus.

185 4767 199 4780 .
298 4695 308 4726 ⁷
347 4691 476 4762 Joannes
487 4691 635 4748 Antonius
646 4691 864 4764 neapolitanus?
874 4691 1017 4748 Videatur
1028 4693 1211 4763 Ponticus
1220 4691 1345 4754 cirron„
1353 4689 1406 4758 111,
1420 4701 1481 4749 ηι.
