3567 5409
981 437 1191 493 EPIST.
1231 433 1540 505 3914.—-18
1580 435 1956 490 Novssunms
2000 433 2136 505 1553
2599 434 2742 504 701·

1083 650 1093 663 .
1450 589 1638 670 3914

448 731 736 799 PATRI
773 732 1123 820 JOANNI
1175 732 1704 800 BAPTISTAE
1752 732 2109 800 VIOLAE
2158 732 2282 799 EX
2331 733 2636 801 COMM.

1099 876 1277 920 nom
1306 862 1373 918 18
1401 875 1762 919 novssunms
1795 860 1933 934 1553
1960 865 2000 919 ¹.

290 981 674 1053 Superiores
700 982 943 1036 litteras
968 981 1051 1035 ad
1074 982 1277 1051 ipsum
1302 981 1483 1035 datas
1506 983 2126 1039 commemorem-De
2157 979 2419 1037 Caesare
2446 984 2778 1040 Aversano:

413 1088 535 1141 quo
560 1070 806 1126 nomine
833 1070 1142 1125 Mutinam
1171 1070 1552 1127 mittatur.-
1568 1069 1911 1142 Templum,
1946 1071 2048 1125 cui
2079 1071 2445 1125 animarum
2485 1090 2638 1127 cura
2672 1091 2782 1128 an*

410 1179 572 1217 nexa
598 1159 699 1224 sit,
727 1161 957 1232 suscipi
981 1178 1021 1214 a
1050 1161 1347 1216 Societate
1384 1176 1505 1214 non
1523 1163 1740 1232 potest.
1758 1161 1907 1214 -De
1938 1161 2172 1232 gratiis
2200 1161 2492 1216 Societati
2524 1181 2563 1216 a
2584 1167 2786 1234 ponti--

402 1250 628 1322 ficibus
660 1249 1139 1306 concessis—De
1181 1249 1438 1321 collegio
1474 1253 1680 1304 veneto
1719 1252 1775 1302 et
1806 1250 2023 1319 priore
2060 1250 2315 1308 SSmae.
2364 1250 2786 1310 Trinitatis.-

416 1339 675 1394 Fratres
699 1338 1035 1409 adjutores,
1056 1337 1151 1393 rei
1173 1338 1532 1393 domesticae
1552 1336 1805 1402 addicti,
1826 1339 2122 1409 quomodo
2138 1339 2786 1411 supplendis-Eunai!

417 1427 738 1483 Societatis
760 1428 1010 1498 aliaque
1035 1427 1377 1499 diplomata
1405 1426 1917 1485 minantum—De
1943 1426 2185 1497 Bellajo
2208 1428 2545 1487 cardinali.

449 1558 597 1621 Pax
628 1551 914 1620 Christi.

444 1667 871 1736 Charissimo
907 1668 1129 1735 Padre
1160 1668 1231 1733 in
1256 1670 1427 1755 Jesh
1461 1667 1770 1736 ChristO.

449 1783 528 1852 L’
563 1785 732 1851 altra
763 1782 1132 1851 settimana
1166 1783 1240 1848 fu
1272 1783 1513 1850 scritto
1544 1805 1583 1849 a
1615 1783 1704 1849 V.
1744 1778 1826 1849 R'.
1866 1783 2042 1849 assai
2075 1777 2595 1854 diffussamente
2620 1787 2671 1869 ⁸,
2710 1804 2778 1854 et

298 1923 384 1968 se
417 1900 464 1967 li
498 1900 922 1968 mandorono
951 1900 1019 1968 le
1048 1900 1288 1966 lettere
1320 1921 1441 1985 per
1467 1900 1553 1966 N.
1591 1902 1667 1965 Ρ.
1699 1899 1768 1964 di
1796 1897 2002 1985 quelli
2036 1900 2121 1967 de
2148 1901 2467 1968 Modena.
2503 1902 2774 1969 Adesse

309 2019 570 2085 mando
602 2017 668 2082 la
701 2015 897 2101 copia
929 2015 1108 2083 delle
1141 2012 1431 2101 risposte
1466 2015 1634 2082 fatte
1660 2037 1697 2080 a
1729 2016 1906 2080 loro,
1955 2017 2043 2081 Et
2070 2017 2271 2095 forse,
2309 2037 2385 2082 se
2420 2017 2579 2083 fossi
2602 2017 2782 2085 ‘arri-

312 2142 479 2199 uata
512 2155 552 2200 a
586 2144 814 2217 tempo
857 2132 924 2196 la
966 2131 1206 2199 lettera
1237 2131 1325 2195 de
1375 2148 1454 2197 10
1484 2131 1597 2199 del
1636 2141 1954 2216 presente
1997 2132 2085 2197 de
2126 2130 2211 2196 V.
2251 2133 2363 2211 R„
2401 2135 2457 2197 s’
2495 2132 2778 2201 haueria

313 2259 584 2316 mutato
621 2270 709 2313 un
747 2267 922 2333 poco
956 2247 1001 2312 l’
1036 2245 1276 2314 ordine
1309 2246 1565 2313 datomi
1597 2247 1684 2313 de
1716 2246 2016 2313 scriuere
2047 2247 2135 2315 de
2168 2248 2255 2314 N.
2299 2249 2409 2330 P.;
2448 2270 2559 2315 ma
2594 2248 2782 2315 final-

314 2373 550 2432 mente
592 2363 888 2431 essendo
933 2361 1220 2430 rimesso
1263 2362 1394 2428 alla
1437 2363 1521 2430 R.
1570 2361 1687 2441 V.,
1736 2363 1963 2448 quella
1997 2364 2137 2430 fara
2172 2374 2430 2448 quanto
2463 2368 2778 2450 reputanti

308 2502 508 2549 esser
549 2502 588 2546 a
629 2477 948 2566 maggior
993 2478 1280 2547 seruitio
1325 2477 1589 2557 diuino,
1643 2478 2109 2564 spogliandosi
2164 2480 2252 2548 de
2292 2481 2458 2566 ogni
2513 2480 2786 2566 propria

310 2595 671 2664 affettione
705 2598 922 2681 (come
953 2594 1011 2661 si
1044 2594 1379 2680 persuade
1413 2594 1500 2660 N.
1543 2596 1621 2660 P.
1661 2595 1729 2660 lo
1762 2593 1926 2680 fara)
1960 2604 2031 2660 et
2070 2595 2447 2663 solamente
2479 2595 2786 2682 risguar*

303 2713 547 2779 dando
601 2711 642 2777 1’
681 2714 942 2778 honore
998 2709 1236 2776 diuino
1289 2722 1360 2777 et
1415 2709 1850 2795 beneplacito
1903 2719 1973 2776 et
2027 2712 2160 2777 ben
2220 2710 2635 2778 uniuersale.
2698 2714 2782 2778 Et

316 2840 773 2914 quantunque
805 2825 907 2893 sia
939 2824 1178 2893 scritto
1212 2827 1275 2892 al
1308 2847 1613 2894 vescouo
1639 2827 1662 2859 ³
1695 2836 1767 2892 et
1798 2824 1975 2905 altri,
2005 2829 2134 2892 che
2167 2825 2225 2893 si
2253 2825 2480 2894 scriue
2512 2850 2551 2893 a
2578 2828 2665 2894 V.
2698 2830 2778 2894 R.

311 2943 609 3010 rimandi
643 2945 851 3011 Mtr0.
888 2943 1181 3011 Cessare
1207 2943 1230 2974 ⁴
1267 2952 1524 3026 quanto
1558 2941 1773 3027 prima
1807 2945 2025 3026 potra,
2074 2941 2147 3008 in
2179 2963 2341 3010 caso
2384 2946 2513 3009 che
2553 2943 2782 3031 giudi-

304 3059 485 3126 casti
519 3081 655 3125 non
690 3079 880 3126 esser
912 3057 1336 3144 espediente,
1373 3068 1640 3143 potrete
1673 3056 1821 3124 dire
1852 3059 1982 3124 che
2016 3056 2110 3124 lui
2143 3068 2249 3125 sta
2282 3057 2684 3145 indispostO,
2716 3072 2786 3127 et

312 3176 451 3241 che
485 3175 546 3240 al
582 3186 814 3258 tempo
846 3195 974 3239 suo
1006 3171 1202 3259 potra
1237 3170 1498 3240 uenire.
1538 3169 1816 3238 Interim
1849 3182 1954 3240 est
1996 3173 2384 3239 necessario
2426 3177 2554 3242 ch'e
2596 3173 2691 3241 lui
2727 3176 2782 3240 si

313 3289 674 3356 riconosca
707 3300 777 3356 et
820 3288 1030 3369 bassi,
1081 3298 1151 3354 et
1193 3288 1328 3355 faci
1370 3287 1574 3356 etiam
1610 3287 2011 3374 penitentia;
2056 3301 2126 3354 et
2158 3286 2244 3354 al’
2276 3291 2467 3371 hora,
2508 3291 2782 3375 quando

312 3405 634 3487 tornassi,
675 3427 812 3474 non
844 3403 1240 3490 bisognaria
1276 3404 1446 3471 farlo
1480 3414 1758 3483 rettore,
1797 3425 1907 3469 ma
1939 3404 2055 3490 piu
2089 3416 2320 3490 presto
2351 3416 2782 3491 soprestante

311 3523 472 3608 (che
503 3521 540 3588 ὲ
573 3521 775 3586 titulo
809 3520 1197 3605 honorato),
1234 3531 1304 3587 et
1337 3519 1385 3585 il
1419 3532 1673 3587 rettore
1716 3518 2002 3587 haueria
2033 3540 2220 3601 cura,
2259 3522 2460 3606 quale
2505 3523 2541 3587 ὲ
2584 3520 2782 3590 solita

312 3636 591 3705 hauersi
622 3636 786 3723 delli
824 3635 1090 3703 rettori.
1129 3638 1196 3702 A
1240 3635 1337 3701 lui
1382 3634 1439 3702 si
1484 3635 1714 3702 scr-iue
1755 3634 1825 3700 di
1868 3656 2005 3720 qua
2035 3634 2267 3720 quello
2307 3637 2675 3721 conuiene,
2714 3651 2782 3707 et

304 3752 433 3838 qui
464 3753 650 3819 forsa
683 3751 741 3819 si
775 3751 1101 3818 mandata
1135 3752 1199 3818 la
1231 3750 1457 3837 copia.
1488 3751 1631 3817 Pur
1664 3750 2053 3818 aduertisca
2086 3752 2175 3818 V.
2206 3753 2289 3818 R.
2320 3754 2475 3834 che,
2506 3755 2782 3838 quande]

312 3869 387 3935 fu
417 3868 664 3935 scritto
697 3870 833 3936 che
863 3867 1141 3935 douessi
1173 3879 1356 3934 stare
1387 3866 1457 3932 in
1493 3867 1809 3952 Bologna
1843 3868 2047 3934 Mtr0.
2087 3868 2400 3948 Cessare,
2447 3869 2505 3934 si
2538 3869 2782 3936 scrisse

312 3985 666 4070 pensando
698 3986 830 4052 che
861 3983 1181 4050 starebbe
1212 3984 1517 4049 anchora
1551 3981 1625 4062 11,
1664 3992 1734 4050 et
1773 4004 1916 4048 non
1961 3993 2232 4050 tornato
2271 4006 2311 4050 a
2355 3985 2674 4068 Modena;
2713 3996 2782 4053 et

312 4118 454 4166 non
486 4098 542 4165 si
576 4099 858 4166 rimesse
892 4121 932 4165 a
965 4098 1051 4166 V.
1093 4099 1201 4180 R„
1237 4097 1493 4184 perche
1538 4098 1765 4182 quella
1797 4097 1988 4165 volse
2023 4099 2184 4166 fossi
2227 4099 2465 4167 scritto
2499 4101 2778 4167 absolu*

310 4225 640 4298 umente,
677 4216 949 4281 benche
979 4213 1050 4280 in
1084 4215 1325 4282 effetto
1355 4213 1422 4280 la
1454 4234 1617 4279 cosa
1649 4213 1899 4281 voleua
1931 4216 2019 4282 N.
2063 4218 2141 4282 P.
2192 4215 2358 4282 fossi
2403 4216 2684 4285 rimessa
2717 4220 2778 4284 al

301 4330 617 4418 giudicio
647 4332 735 4398 de
760 4332 848 4398 V.
887 4332 970 4401 R.
1011 4332 1099 4397 Et
1131 4340 1378 4417 questo
1409 4329 1587 4396 basti
1621 4329 1804 4396 circa
1838 4332 2043 4419 Mtr0.
2082 4331 2395 4400 Cessare.

418 4502 433 4533 ⁸
513 4502 600 4555 Ex
627 4499 832 4555 codice
871 4499 1110 4573 Regest.
1142 4500 1194 4568 I,
1215 4498 1317 4558 fol.
1341 4514 1430 4570 55
1990 4505 2012 4534 ²⁴
2094 4497 2246 4555 Vide
2272 4502 2585 4574 epistolam
2616 4501 2774 4573 3901.

417 4593 440 4623 ³
518 4589 807 4660 Aegidius
833 4590 1234 4646 FosearariuS.
2716 4595 2720 4599 '

417 4684 437 4714 ⁴
513 4681 733 4734 Caesar
761 4683 1126 4735 Aversanus.
1157 4677 1310 4734 Vide
1337 4679 1648 4750 epistolam
1678 4687 2055 4750 sequentem.
