3567 5409
416 410 470 466 686
796 413 1006 470 Monunurn
1025 413 1207 468 lonnrrnnn

379 563 405 632 ii
420 531 542 652 paiano
558 565 683 646 idonei,
702 567 792 633 nella
808 565 1036 653 Compagnia,
1050 565 1289 646 accettandoli,
1304 564 1392 643 dico,
1410 583 1552 649 aproua,
1567 574 1596 628 ct

377 703 419 750 se
436 683 539 748 fanno
554 684 645 749 bona
661 682 820 768 reuscita,
839 682 863 747 li
879 685 979 770 potui
996 684 1186 762 trattener'3
1204 681 1234 748 si
1250 702 1335 763 non,
1358 677 1518 746 mandarli
1536 676 1595 743 via.

381 797 423 866 L’
440 798 525 864 altra
540 801 560 864 ὁ
577 797 721 884 pigliare
744 800 812 864 due
834 818 991 885 persone,
1009 801 1065 865 ch'
1086 796 1259 864 habbiano
1279 798 1348 864 bon
1370 792 1556 864 testimonio
1569 803 1600 858 et

379 912 479 980 siano
494 913 694 981 conosciute
709 915 754 982 de
770 913 883 980 alcuni
900 913 1001 981 amici
1017 936 1039 981 o
1054 913 1185 996 deuoti,
1204 935 1265 1000 per
1280 911 1420 982 seruitio
1440 933 1512 990 suo,
1526 911 1600 977 ben·

379 1031 448 1095 che
464 1051 535 1096 non
551 1029 648 1097 sieno
665 1051 726 1116 per
742 1031 775 1097 la
791 1030 1019 1118 Compagnia,
1038 1030 1062 1097 il
1078 1032 1146 1097 che
1157 1031 1250 1099 forse
1265 1029 1411 1098 sarebbe
1421 1028 1465 1093 de
1472 1025 1527 1112 piri
1537 1024 1600 1092 edi·

384 1143 556 1227 ficatione3
574 1155 609 1213 et
625 1146 650 1210 l’
668 1168 713 1212 vn
729 1167 850 1214 mezzo
864 1157 901 1212 et
915 1145 939 1212 l'
957 1147 1045 1214 nitro
1059 1146 1247 1232 praticamo
1263 1166 1330 1230 qua
1347 1143 1382 1209 in
1406 1145 1522 1220 Roma,
1538 1161 1602 1205 ma·

383 1259 475 1326 xime
497 1262 553 1328 nel
575 1260 735 1346 collegio.
760 1259 983 1329 Finalmente
997 1260 1151 1328 facciano
1171 1283 1278 1328 senza
1298 1263 1417 1339 Roma,
1445 1277 1539 1324 come
1562 1257 1602 1321 ho

379 1375 492 1457 detto,
516 1385 551 1442 et
571 1375 672 1443 etiam
694 1397 798 1444 senza
821 1386 918 1444 tener
938 1375 1097 1463 occupati
1117 1376 1140 1442 li
1161 1375 1307 1442 scholari
1327 1373 1363 1440 in
1384 1383 1504 1458 queste
1521 1391 1601 1452 cose,

385 1492 513 1577 perche
529 1514 598 1558 non
617 1490 786 1560 conuiene
801 1493 867 1558 che
881 1490 917 1557 in
933 1492 1049 1577 quello
1064 1493 1217 1578 perdono
1233 1491 1257 1557 il
1274 1502 1400 1577 tempo.

455 1606 571 1674 Pietro
587 1606 742 1673 siciliano
760 1607 810 1673 fra
826 1608 858 1674 la
875 1628 938 1674 sua
955 1619 1078 1675 natura
1093 1618 1129 1675 et
1152 1609 1183 1674 la
1203 1616 1373 1693 quartana
1394 1628 1474 1693 pare
1493 1604 1541 1670 sia
1560 1603 1615 1669 al·-

381 1733 516 1807 quanto
531 1721 702 1790 scusabile
718 1723 774 1790 del
789 1743 854 1788 suo
870 1734 993 1810 troppo
1006 1724 1171 1810 tapinare.

454 1836 493 1906 L'
510 1837 643 1919 ordine,
661 1839 728 1906 che
745 1840 789 1905 V.
808 1840 850 1905 R.
868 1837 958 1920 dice,
975 1838 1005 1906 si
1021 1839 1116 1919 darn,
1134 1851 1169 1906 et
1184 1861 1299 1925 parea
1314 1841 1359 1905 N.
1379 1839 1418 1907 P.
1437 1839 1500 1904 che
1511 1837 1552 1902 V.
1568 1836 1605 1901 R.

383 1953 524 2022 doueua
539 1953 597 2042 gii
614 1955 756 2020 hauerlo
772 1955 867 2022 dato.

455 2073 653 2157 Inscriptio.
676 2073 714 2138 El
727 2069 931 2139 comissario
946 2072 991 2141 de
1002 2069 1111 2138 Italia.

954 2261 1059 2342 39⁰2

521 2396 661 2469 PATRI
687 2403 900 2470 NICOLAO
926 2401 1228 2470 BOBADILLAE
1251 2403 1314 2468 EX
1337 2403 1488 2469 COMM.

775 2547 864 2592 noun
880 2547 911 2590 11
926 2546 1111 2591 novnunrus
1130 2532 1200 2604 1553
1215 2538 1235 2591 ¹.

387 2648 512 2706 Gaudet
523 2652 560 2707 de
573 2653 706 2706 adventu
719 2667 774 2706 suo
783 2652 878 2722 aequo
888 2648 1009 2722 faustis
1021 2650 1255 2722 occupationum
1265 2647 1611 2722 parumne-Pontio

443 2756 493 2794 nes
506 2739 602 2794 mittit
616 2739 649 2794 in
668 2741 797 2796 solemni
812 2739 987 2795 studiorum
1002 2739 1230 2794 instauratione
1241 2739 1363 2810 collegii
1380 2740 1505 2792 romani
1512 2739 1612 2810 prm·

438 2833 564 2900 gnatas,
583 2834 611 2884 et
628 2829 792 2885 lectionum
810 2829 1084 2910 catalogum.7l)e
1100 2845 1156 2882 suo
1172 2827 1380 2882 libro-Post
1397 2828 1550 2898 scriptum.
1563 2823 1611 2880 Ro·

441 2912 575 2974 cericius
588 2920 622 2973 in
640 2918 749 2974 Urbem
759 2917 912 2990 peruenit.

459 3035 532 3102 Pax
548 3034 606 3101 X.i

458 3151 652 3218 Charisimo
670 3151 784 3220 Padre
800 3171 843 3218 en
856 3153 941 3240 Jesu
958 3150 1024 3218 X.⁰

458 3265 661 3350 Recebimos
677 3289 718 3333 su
735 3269 821 3348 letrn
836 3267 880 3336 de
897 3268 940 3333 28
953 3268 1009 3335 del
1021 3267 1162 3354 pasado,
1175 3290 1198 3354 y
1211 3289 1275 3334 nos
1286 3267 1495 3355 allegramos
1507 3266 1540 3332 in
1551 3267 1613 3332 Do·

389 3382 487 3449 mino
501 3383 546 3448 de
561 3404 602 3449 su
619 3383 756 3468 llegada
772 3401 838 3449 con
850 3383 951 3449 salud
963 3388 984 3448 Α
995 3383 1124 3450 Loreto
1135 3405 1159 3468 y
1172 3383 1332 3464 Ancona,
1348 3384 1520 3468 ybuenos
1534 3379 1613 3468 prin·

388 3497 501 3585 cipios
517 3499 561 3563 de
576 3496 826 3584 occupaeiones
843 3520 887 3566 en
903 3496 1052 3565 seruicio
1067 3500 1111 3566 de
1127 3497 1212 3565 Dios
1228 3500 1275 3568 N.
1292 3497 1328 3565 S.
1341 3498 1368 3566 ¹.

462 3613 554 3698 Aqui
574 3615 717 3699 ynbioa
738 3615 782 3680 V.
802 3615 843 3682 R.
870 3613 921 3680 las
943 3613 1185 3682 conclusiones
1208 3635 1277 3699 que
1297 3635 1335 3680 se
1356 3613 1515 3682 tubieron
1535 3621 1554 3682 ἐ
1571 3613 1614 3680 los

393 3727 579 3816 principios
594 3729 693 3798 deste
708 3727 823 3796 studio
839 3749 906 3796 eon
923 3729 1052 3796 mucha
1067 3729 1282 3810 edificaci6n,
1299 3735 1368 3796 assi
1384 3732 1428 3798 de
1443 3731 1495 3798 las
1511 3731 1614 3817 dispu-

392 3855 447 3911 tas
463 3865 562 3910 como
578 3845 622 3912 de
638 3845 688 3911 las
700 3843 879 3912 oraciones
896 3843 1065 3930 publicas
1084 3840 1289 3912 Hannonse
1304 3865 1347 3911 en
1365 3856 1507 3915 nuestra
1528 3845 1616 3932 ygle-

391 3959 445 4028 sia
461 3963 606 4027 muchos
620 3961 820 4028 cardenales
836 3982 859 4046 y
875 3961 1035 4048 perlados
1050 3962 1094 4029 de
1110 3960 1209 4027 todas
1225 3960 1396 4044 nationes,
1413 3983 1438 4046 y
1452 3961 1615 4030 finalmen-

393 4087 431 4144 te
448 4077 528 4143 todo
544 4098 563 4142 a
580 4075 746 4162 sucedido
762 4078 889 4144 mucho
904 4077 985 4146 bien
1002 4077 1046 4144 ad
1063 4075 1126 4144 Dei
1143 4076 1292 4145 laudern.

462 4195 516 4261 De
532 4194 583 4260 las
599 4193 777 4275 lectiones,
795 4213 864 4278 que
879 4215 943 4260 son
959 4193 1188 4276 comencadas
1202 4214 1226 4278 y
1241 4215 1281 4261 se
1302 4193 1503 4282 prosiguen,
1524 4196 1618 4282 ynbio

408 4317 606 4327 Ψ-

408 4434 411 4440 .
450 4359 459 4396 ¹
497 4363 541 4418 Ex
554 4361 658 4434 codice
672 4363 792 4438 Regnoi.
808 4363 833 4432 1,
848 4361 898 4419 fol.
912 4376 979 4434 sav.

449 4455 460 4486 n
498 4452 545 4508 Dc
557 4451 730 4508 Bobadillae
743 4470 796 4525 per
809 4451 839 4507 id
852 4459 970 4525 tempus
980 4451 1225 4525 occupationibus
1234 4470 1394 4526 urumque
1402 4451 1500 4510 fructu
1512 4453 1620 4510 vunn-

392 4547 444 4596 tur
461 4539 643 4613 Ponnucus
664 4541 789 4614 chron,
810 4541 863 4614 ΙΙΙ,
879 4553 915 4596 22
927 4549 959 4597 et
975 4539 1021 4616 233
1036 4543 1158 4613 Bonno,
1179 4543 1249 4598 Vita
1261 4543 1343 4602 del...
1360 4543 1399 4602 P.
1418 4543 1524 4599 Nicold
1537 4543 1619 4600 Bou·

393 4629 511 4704 digiia,
524 4649 608 4704 pago.
622 4631 720 4702 76·81.
