3567 5409
781 483 989 539 Morinum
1009 485 1190 540 lonicum

934 666 1043 747 3864

618 805 776 873 PATRI
807 806 1112 876 FRANCISCO
1147 809 1354 877 PALMIO

758 942 860 996 ‘noni
874 937 1166 1011 280croom81553
1183 946 1204 999 ¹.

368 1055 561 1110 Aversonum
586 1055 760 1110 Bononiam
782 1057 947 1112 amanum
971 1074 1033 1111 esse
1053 1057 1176 1130 probat,
1202 1058 1325 1130 vultque
1349 1057 1383 1112 in
1400 1057 1457 1112 iilo
1477 1056 1598 1130 collegio

421 1141 650 1200 detineri-De
671 1145 797 1200 Andron
820 1145 1302 1219 Boninsegna.-Goloanellum,
1321 1147 1355 1200 in
1379 1145 1463 1200 Valle
1485 1145 1597 1201 Tollina

357 1267 363 1286 .
422 1231 544 1288 utiliter
555 1232 798 1297 adlaborantem,
812 1233 1154 1306 laudan-Exemplum
1168 1235 1345 1291 litterarum
1358 1235 1401 1290 od
1417 1235 1599 1290 lovanium

424 1321 530 1378 mittit.

438 1448 510 1514 Pax
521 1447 662 1515 Christi.

438 1565 505 1632 Per
521 1566 635 1650 quella
649 1565 684 1631 di
701 1567 745 1633 V.
766 1568 806 1632 R.
821 1565 1067 1634 intendcssimo
1079 1587 1180 1635 como
1192 1571 1294 1637 meno
1306 1588 1387 1635 seco
1402 1566 1427 1632 il
1444 1570 1483 1634 Ρ.
1498 1569 1595 1634 Mtro.

368 1681 539 1750 Cessare·
556 1681 590 1747 di
608 1683 767 1760 Momm,
786 1681 809 1747 il
830 1684 897 1750 che
918 1683 1044 1750 cstato
1063 1683 1131 1750 ben
1152 1683 1250 1764 fatto,
1273 1703 1371 1750 come
1396 1683 1507 1750 anche
1525 1683 1600 1746 seris

369 1795 459 1864 bene
475 1795 565 1863 forsa
579 1795 604 1861 il
620 1798 790 1865 retenerlo
803 1797 891 1866 costi
909 1819 931 1865 ο
947 1797 982 1863 in
995 1800 1138 1866 Ferrara
1153 1798 1249 1866 accio
1265 1819 1334 1864 non
1357 1799 1446 1864 torni
1459 1797 1492 1862 io
1507 1789 1600 1881 quelss

370 1911 403 1979 la
417 1912 591 1997 spelonca,
609 1925 692 1994 etc.;
710 1923 745 1980 et
762 1913 804 1979 V.
824 1914 865 1980 R.
886 1914 983 1999 potri
1000 1914 1144 1980 mandar
1156 1916 1258 1982 Mtro.
1272 1913 1385 1982 Gioan
1399 1911 1597 1980 Lorenzoin

369 2049 435 2096 suo
451 2029 561 2115 luogo
576 2049 674 2097 come
691 2029 720 2096 si
736 2041 750 2070 ²
766 2029 878 2096 scriue
893 2031 927 2096 al
945 2031 1056 2097 Padre
1071 2029 1306 2096 commissario
1319 2031 1345 2094 ³.

437 2146 503 2212 Del
528 2145 661 2212 fratello
684 2155 801 2212 nostro
823 2147 964 2214 Andrea
986 2146 1266 2232 Boonainsegna‚
1291 2145 1327 2214 in
1347 2155 1444 2212 tanto
1463 2147 1528 2213 che
1548 2158 1600 2209 sta

369 2259 582 2345 indesposto,
601 2280 672 2325 non
688 2259 719 2326 ci
737 2261 757 2327 ὲ
772 2260 927 2328 dificulti
942 2261 986 2328 de
1002 2261 1173 2329 tetenerio
1188 2261 1224 2326 in
1242 2261 1408 2346 Bologna.
1424 2241 1599 2328 Nientcdi·

369 2395 483 2455 menn,
502 2377 587 2444 sele
604 2377 745 2444 schuole
760 2375 789 2442 si
806 2375 1088 2444 incominciasino
1104 2377 1147 2443 da
1163 2378 1293 2444 dooere
1308 2375 1343 2442 in
1361 2377 1520 2455 Modena,
1538 2375 1597 2439 ha-

371 2492 488 2558 nendo
507 2511 586 2558 casa
608 2493 764 2572 comoda,
788 2512 860 2558 non
882 2491 1041 2561 uediamo
1061 2492 1117 2558 chi
1139 2491 1267 2578 potessi
1287 2489 1458 2558 mandarsi
1481 2511 1519 2558 se
1533 2511 1599 2554 non

368 2603 418 2672 lui
433 2628 455 2672 o
470 2605 494 2671 il
510 2607 646 2675 fratello
661 2605 854 2674 Gulliermo
867 2611 892 2673 ⁸.
912 2607 960 2674 Al
975 2607 1089 2674 Padre
1104 2607 1339 2674 commissario
1361 2605 1390 2674 si
1410 2605 1523 2672 scriue
1543 2625 1599 2670 so·

369 2743 431 2808 pra
453 2721 518 2789 cio.

437 2838 520 2904 111³.
540 2839 680 2906 Andrea
694 2839 902 2906 Galuaneilo
917 2838 948 2905 ci
964 2837 984 2905 ὲ
999 2848 1137 2925 portato
1154 2840 1264 2905 molto
1285 2839 1386 2919 bene;
1404 2845 1514 2915 tanto,
1538 2837 1602 2902 che

367 2953 491 3020 adesso
506 2952 585 3019 celi
607 2955 732 3020 manda
754 2955 811 3020 un’
829 2954 917 3020 altro
940 2955 1046 3022 breue
1066 2975 1128 3040 per
1147 2964 1239 3020 stare
1258 2954 1295 3019 in
1317 2956 1377 3019 un’
1394 2953 1482 3019 altro
1497 2953 1602 3036 luogo

367 3067 468 3134 insin’
493 3091 513 3135 a
541 3080 638 3135 tanto
663 3071 732 3138 che
755 3069 803 3136 lui
823 3078 934 3137 stesso
957 3070 1044 3137 ueda
1065 3071 1123 3136 un'
1147 3069 1235 3136 altro
1254 3069 1394 3149 idoneo,
1416 3067 1450 3136 al
1470 3067 1553 3153 qual
1571 3065 1603 3132 ci

368 3205 468 3270 possa
484 3185 634 3254 conferit
649 3187 681 3251 la
698 3207 781 3254 cura
796 3186 831 3252 di
848 3187 963 3270 quella
979 3196 1071 3254 terra
1084 3189 1108 3252 ⁸.

433 3301 560 3367 Mando
576 3302 643 3368 alla
658 3303 700 3368 R.
719 3302 765 3371 V.
788 3301 822 3371 ie
843 3300 1058 3370 conclusioni
1079 3305 1146 3370 che
1165 3301 1194 3369 si
1211 3305 1303 3368 hano
1318 3323 1339 3367 a
1354 3309 1550 3368 sustentare
1566 3299 1602 3362 in

366 3415 478 3500 questi
497 3415 653 3504 principii
666 3417 711 3486 de
726 3419 749 3482 li
763 3416 881 3500 studii,
895 3429 930 3485 et
943 3413 1002 3485 un'
1015 3417 1257 3485 informatione
1268 3415 1303 3482 di
1317 3415 1435 3502 quelli,
1450 3414 1603 3482 secondo

368 3529 398 3597 si
414 3531 574 3600 scriueua
589 3555 609 3600 a
625 3535 653 3600 F
655 3523 869 3616 iandiassche
885 3534 909 3600 l'
927 3555 947 3599 o
965 3532 1050 3599 fatto
1066 3533 1216 3619 copiare.
1609 3609 1614 3618 ⁴

434 3633 513 3714 Non
530 3649 629 3729 alirn,
647 3671 685 3716 se
701 3671 770 3716 non
786 3648 843 3716 ch'
860 3650 916 3716 all'
934 3648 1083 3716 orationi
1104 3650 1148 3715 de
1165 3651 1210 3716 V.
1228 3651 1270 3715 R.
1288 3659 1324 3714 et
1345 3645 1504 3714 sacrificii
1522 3647 1603 3712 tutti

367 3761 400 3829 ci
415 3765 729 3831 raccomandiamo.

434 3881 487 3946 Dc
504 3883 613 3948 Roma
630 3881 671 3947 28
689 3881 732 3948 de
748 3881 1017 3968 Ottobre21553.
1041 3882 1044 3887 ⁴

434 3996 630 4081 Inscriptio.
650 3999 683 4064 A
701 3998 868 4084 Bologna,
888 3997 921 4063 al
937 3997 1049 4065 Padre
1066 3999 1135 4064 don
1151 3998 1359 4065 Francesco.

369 4123 579 4134 —a———u--n--n

421 4201 435 4230 a
471 4186 498 4241 ci
513 4203 568 4244 ms.

423 4358 430 4390 ¹
469 4355 514 4408 Ex
527 4353 630 4411 codice
645 4355 764 4427 Καμεὶ.
779 4355 805 4420 I,
819 4353 870 4412 iol.
881 4367 928 4424 47.
1050 4409 1054 4415 .

421 4446 432 4479 ⁸
468 4442 775 4502 CaesarAversanus.

308 4559 312 4566 ·
420 4535 432 4566 ³
469 4532 545 4588 Vide
555 4534 711 4604 epistolam
725 4533 920 4607 superiorem.

420 4625 431 4658 ⁴
469 4622 636 4679 Gulielmus
652 4624 810 4680 Brocheos.

420 4715 432 4746 ⁵
470 4711 546 4768 Vide
566 4713 720 4785 epistolam
734 4711 816 4769 3862.
