3567 5409
552 442 658 501 Errsr.
674 439 833 513 3945-28
851 442 1048 501 Novanus
1069 443 1138 516 1553
1370 456 1421 516 741

792 600 900 683 3945

539 756 681 826 parm
705 758 922 827 nuamuo
947 758 1145 828 nuaram

601 912 690 956 noun
711 900 746 957 28
765 912 948 957 novarianis
970 898 1039 971 1553
1059 900 1080 960 ¹.

218 1032 359 1090 Adriani
375 1032 490 1092 littaris
506 1034 851 1105 respondet-Dubium
867 1034 907 1091 ab
923 1034 980 1091 illo
994 1036 1185 1107 propositum
1207 1035 1308 1100 solvit,
1326 1036 1405 1109 quod
1418 1037 1460 1093 ad

266 1122 455 1196 facultatem
467 1122 653 1188 absolvendi,
666 1120 729 1180 rive
738 1123 841 1195 patim
853 1124 1061 1196 dispensandi,
1071 1130 1163 1197 super
1172 1124 1407 1197 irregularitate
1415 1133 1461 1181 at·

273 1213 359 1271 linet.
369 1210 558 1283 -Defratrc
569 1212 675 1267 Patris
683 1212 834 1269 Gaudani
841 1212 1145 1286 ctfratraFranciaci
1156 1212 1307 1271 amanti.
1314 1212 1460 1270 -Adria·

271 1302 308 1357 ui
320 1302 438 1357 dictura
453 1301 572 1375 refellit
589 1302 817 1375 «adilimtioai
833 1320 895 1359 nou
907 1300 1072 1375 futurum,
1085 1304 1114 1359 ri
1125 1302 1193 1377 filii
1208 1318 1229 1357 o
1246 1304 1311 1359 suis
1320 1304 1458 1375 parenti-

272 1391 327 1447 bus
338 1392 380 1447 ad
394 1408 469 1447 erras
479 1396 625 1463 musar
638 1391 805 1464 pamniam
818 1390 1082 1463 peiurium-Da
1098 1392 1226 1450 Andria
1240 1392 1460 1451 bituria-De

272 1480 449 1551 parantibus
457 1479 605 1553 magistri
615 1481 792 1538 Theudorici
796 1480 893 1538 .·-Da
902 1480 1062 1538 obtinendo
1071 1482 1245 1555 priuilegio,
1254 1500 1291 1539 aa
1299 1483 1460 1555 quisquam

275 1588 296 1625 a
305 1571 418 1625 nostris
428 1568 630 1625 obedientiam
640 1571 737 1642 possit
748 1568 985 1644 exigere-Cur
997 1570 1129 1629 Societas
1143 1572 1192 1637 iis,
1212 1572 1266 1644 qui
1274 1570 1370 1629 sacris
1382 1588 1458 1628 com·

274 1658 510 1715 mutationibus
521 1664 709 1725 exorantur,
719 1661 871 1731 quaedmu
881 1676 942 1716 non
952 1660 1101 1733 conferat,
1111 1662 1310 1719 demonstrat.
1322 1692 1335 1703 -
1350 1660 1397 1719 Dr
1406 1661 1456 1729 iis,

275 1751 330 1821 qui
340 1753 421 1806 omia
430 1750 536 1806 aureis
545 1754 577 1805 et
585 1747 729 1821 prusam
739 1750 871 1805 autibus
883 1748 1115 1806 ictuatum-De
1129 1752 1334 1809 instrumenta
1350 1758 1456 1823 procu·

274 1841 393 1896 ratario
406 1840 496 1897 Petri
509 1838 602 1895 Siluii
610 1838 766 1910 etJodocii
779 1838 1296 1911 Papii.-Dejubilaeo.-Litteraa
1311 1841 1456 1899 Laodium

275 1932 305 1985 et
320 1928 478 1985 Coloniam
492 1928 670 1986 mittendae.

291 2058 364 2125 Pax
379 2055 521 2126 Christi.

291 2171 476 2240 Carissime
495 2174 610 2252 Pater,
628 2172 766 2239 domine
782 2170 948 2241 Adriane.

289 2288 414 2357 Literis
430 2286 545 2356 xvi·
557 2286 722 2356 Octobris
738 2310 758 2354 a
775 2289 818 2356 V.
837 2289 880 2355 R.
899 2286 1036 2375 scriptis
1057 2290 1282 2375 respondebo
1299 2290 1343 2355 Et
1360 2290 1452 2375 quod

224 2403 351 2473 attinet
367 2404 412 2471 ad
428 2404 627 2471 facultatem
643 2402 858 2485 absoluendi,
875 2404 951 2471 siue
967 2408 1017 2491 (ut
1037 2402 1172 2491 proprie
1188 2404 1379 2491 loquamur)
1399 2403 1453 2471 di-

221 2519 407 2607 spensandi
433 2540 537 2605 super
557 2518 822 2605 irregularitate,
846 2540 916 2585 non
940 2517 1130 2605 pugnantia
1150 2518 1298 2589 inuicem
1327 2520 1453 2607 scripta

219 2645 302 2703 sunt
313 2634 410 2716 alias,
424 2633 583 2719 quamuis
595 2632 723 2700 vltimis
735 2634 824 2703 forte
834 2633 1034 2721 diligentius
1046 2644 1106 2701 aut
1118 2634 1321 2722 explicatius
1333 2637 1452 2705 eadem

219 2750 263 2819 de
279 2773 317 2819 re
332 2754 497 2837 scriptum
512 2750 569 2818 sit.
588 2752 634 2817 Et
648 2772 783 2819 summa
797 2751 882 2818 haec
899 2760 963 2818 est:
982 2752 1076 2836 quod
1088 2752 1268 2819 absoluere
1283 2753 1327 2818 ab
1340 2751 1451 2819 omni-

219 2868 287 2933 bus
301 2866 468 2953 peccatis,
482 2876 719 2953 praeterquam
729 2849 921 2933 'reseruatis
936 2866 971 2932 in
990 2866 1102 2934 «bulla
1119 2888 1266 2936 coenae»
1281 2878 1316 2935 et
1328 2890 1451 2938 conse·

220 2982 407 3068 quentibus
421 2981 615 3063 sententiis,
633 2981 790 3051 censuris
805 2992 841 3049 ct
855 2982 990 3068 poenis.
1008 2980 1104 3049 licuit
1121 2982 1221 3051 nobis
1236 2996 1271 3051 et
1288 2984 1368 3052 licet
1390 3006 1451 3071 per

219 3098 303 3166 illud
319 3100 426 3166 breue
441 3097 689 3185 appostolicum
707 3098 807 3167 Pauli
823 3118 857 3183 3.
875 3099 945 3167 Sed
961 3098 997 3165 in
1009 3098 1262 3185 irregularitate
1272 3100 1343 3169 duo
1354 3114 1448 3169 sunt:

220 3214 367 3301 primum
381 3226 447 3296 est,
465 3225 645 3301 peccatum
659 3210 742 3303 [quo
758 3212 848 3303 quis]
864 3224 1003 3301 propter
1015 3214 1184 3282 exercitos
1199 3226 1299 3283 actus
1314 3215 1450 3285 illicitos

217 3328 368 3418 [dicitur]
385 3325 621 3418 irregularils];
638 3330 785 3397 alterurn
800 3341 855 3395 est
874 3328 1071 3395 inhabilitas
1087 3330 1268 3414 quaedam,
1287 3352 1376 3416 quae
1391 3352 1449 3399 ca-

185 3520 188 3526 ,
219 3444 381 3513 nonicum
404 3456 458 3512 est
478 3444 761 3531 impedimentum
783 3446 827 3513 ad
852 3445 1019 3531 quosdam
1043 3457 1143 3512 aetus
1168 3446 1391 3529 exercendos,
1415 3458 1450 3518 et

219 3572 333 3629 tamen
355 3582 424 3629 non
442 3571 495 3627 est
510 3570 702 3647 peccatum,
731 3559 802 3625 imo
821 3571 935 3645 potest
956 3578 1033 3627 esse
1052 3580 1132 3627 eum
1150 3560 1270 3627 merito
1296 3562 1444 3632 incursa.

218 3678 313 3765 Ergo
328 3677 372 3743 de
386 3687 530 3763 peccato
545 3674 777 3743 exercitorum
797 3687 938 3742 actuum
961 3674 1208 3761 prohibitorum
1230 3698 1365 3763 semper
1386 3700 1447 3764 po·

218 3792 348 3861 tuimus
363 3792 555 3875 absoluere3
573 3791 635 3860 sed
650 3789 760 3878 ipsam
777 3791 1028 3861 inhabilitatem
1044 3814 1089 3860 an
1106 3790 1319 3877 potuerimus
1335 3814 1447 3861 remo·

218 3928 301 3979 uere
321 3906 358 3975 in
378 3910 452 3975 loro
471 3906 664 3996 interior[i],
683 3906 827 3975 dubium
849 3906 926 3987 tuit,
949 3928 1028 3975 nam
1050 3906 1185 3993 proprie
1208 3928 1277 3975 non
1300 3908 1447 4001 dicimus

217 4024 398 4093 absoluere
414 4024 460 4090 ab
475 4022 756 4109 irregularitate..

283 4138 384 4208 Vnde
395 4137 500 4225 aliqui
516 4136 678 4209 dicebant
694 4160 764 4205 non
777 4159 854 4207 esse
868 4138 1130 4225 intelligendam
1142 4140 1446 4228 irregularitatem,

217 4256 357 4342 quando
377 4254 478 4322 nobis
498 4255 754 4321 concedebatur
774 4256 955 4323 absoluere
976 4277 996 4321 a
1012 4256 1304 4342 consequentibus
1323 4278 1448 4343 pecca-

216 4384 290 4439 tum
305 4370 499 4451 sententiis,
516 4368 673 4437 censuris
688 4381 723 4437 et
745 4370 877 4455 poenis,
896 4370 1062 4455 quianon
1083 4373 1295 4441 nbsoluimus
1310 4373 1446 4460 proprie

215 4488 390 4573 loquendo
403 4486 447 4553 ab
458 4484 724 4573 irregularitate,
738 4486 799 4554 sed
809 4488 915 4553 uerbo
928 4486 1090 4573 dispenso
1107 4488 1155 4555 vti
1168 4490 1330 4556 solemus.
1349 4488 1446 4556 Nihi·
1509 4534 1513 4541 -

218 4618 416 4631 nau-u*

270 4654 281 4721 i
316 4684 361 4738 Ex
373 4682 475 4738 codice
490 4682 609 4755 Regert.
624 4682 651 4750 1,
663 4680 715 4740 fol.
729 4695 803 4752 214v
815 4691 846 4739 et
857 4694 923 4753 215.
