3567 5409
510 526 614 589 Errsr.
633 526 789 599 3852.-24
807 526 973 586 Ocrosars
997 524 1066 597 ¹5⁵³
1306 522 1362 580 613

228 680 368 747 Ductor
389 680 502 747 Olane
521 678 621 747 binas
640 678 793 767 quotidie
814 678 981 749 lectiones
1001 678 1178 767 praelegat
1203 676 1397 765 theologiae

142 796 403 877 scholasticae,
421 796 563 863 alteram
579 816 680 863 mane
695 817 739 863 ex
752 792 906 882 partibus
920 794 959 864 S.
978 795 1143 875 Thomae,
1158 793 1300 881 aprima
1314 792 1397 861 inci-

149 908 304 997 piend03
322 912 462 979 alteram
479 934 522 980 ex
537 922 660 997 quarto
675 910 966 981 Sententiaruma
981 908 1136 997 prandio.
1155 910 1216 977 Est
1228 908 1281 976 vir
1295 909 1397 978 valde

145 1024 288 1094 doctus
304 1038 341 1096 et
355 1026 565 1096 exercitatus
582 1024 735 1109 Parisiis,
753 1025 811 1093 vbi
827 1036 1004 1113 promotus
1020 1025 1086 1093 fuit
1102 1024 1138 1092 in
1155 1023 1343 1111 theologia,
1362 1035 1397 1091 et

149 1142 237 1210 aliis
253 1142 289 1209 in
307 1143 404 1227 locis,
421 1154 457 1211 et
472 1142 599 1229 alioqui
615 1163 712 1210 rarae
728 1141 866 1229 pietatis
885 1153 921 1211 et
942 1140 994 1207 vir
1016 1140 1288 1229 desyderiorum.
1314 1142 1398 1208 Pro-

152 1256 350 1329 tensionem
365 1258 478 1327 emisit
493 1260 560 1326 hoc
576 1278 682 1329 anno.

225 1376 370 1444 Sacram
384 1375 588 1463 scripturam
600 1368 882 1461 interpretabitur
894 1372 1059 1462 magister
1071 1374 1230 1442 Andreas
1239 1372 1395 1453 Frusius,

150 1512 173 1555 a
202 1490 341 1561 Genesi
368 1491 577 1571 inchoando,
600 1490 703 1577 idque
728 1511 829 1559 mane
852 1500 931 1577 post
950 1492 996 1559 D.
1020 1490 1175 1557 'rhomae
1198 1486 1393 1559 lectionem.

152 1604 222 1673 Vir
239 1616 295 1673 est
310 1609 403 1673 omni
418 1606 674 1694 disciplinarum
692 1626 821 1693 genere
837 1606 1008 1689 oronites,
1025 1616 1061 1673 et
1080 1604 1116 1673 in
1138 1604 1249 1672 tribus
1269 1603 1397 1691 linguis

144 1720 318 1809 apprime
334 1722 501 1803 eruditus,
519 1732 554 1791 et
571 1721 714 1809 quinon
728 1720 842 1789 minus
854 1720 976 1809 spiritu
990 1742 1092 1807 quam
1104 1718 1261 1788 doctrina
1272 1716 1403 1819 sacrad·

145 1836 352 1924 scripturas
368 1836 585 1925 interpretari
602 1834 723 1924 possit.
788 1821 794 1834 ’

226 1952 363 2021 Diebus
381 1952 476 2021 sestis
491 1952 627 2041 legetur
643 1952 772 2040 aliquid
792 1953 836 2019 de
853 1950 990 2021 casibus
1006 1949 1238 2019 conscientiae
1252 1951 1297 2018 ad
1312 1970 1397 2018 con-

154 2070 384 2141 fossariorum
400 2067 599 2155 praesertim
613 2068 888 2136 instructionem.
914 2069 1016 2136 Hanc
1035 2064 1199 2153 suscipiet
1214 2066 1397 2135 lectionem

145 2183 325 2251 dominns
345 2184 542 2253 licentiatus
563 2182 754 2271 Quintinus
771 2186 796 2265 ⁸,
818 2184 877 2251 cni
897 2182 1152 2254 Sententiarum
1177 2181 1281 2251 lectio
1302 2202 1396 2249 com-

155 2300 333 2369 mittenda
350 2300 541 2382 videbatur,
555 2299 622 2369 nisi
637 2302 747 2388 primo
762 2321 843 2369 vere
859 2299 1086 2369 remittendus
1100 2300 1145 2368 ad
1159 2319 1223 2366 vos
1233 2310 1247 2339 ⁶
1258 2298 1391 2365 fnisset.

229 2415 297 2483 His
314 2414 520 2483 lectionibus
535 2418 656 2485 crebra
676 2416 875 2485 exercitatio
894 2415 1165 2503 disputationum
1185 2425 1221 2484 et
1242 2413 1394 2483 collatio·

150 2554 245 2599 num
267 2530 450 2601 ‘accedes
473 2556 552 2601 nam
575 2556 618 2603 ex
638 2532 765 2601 nostris
790 2544 887 2603 etex
908 2531 1056 2619 collegio
1075 2531 1275 2620 germanico
1294 2542 1395 2599 erunt

156 2648 234 2717 fere
250 2648 375 2736 viginti
392 2648 565 2718 auditores
581 2649 722 2731 assidui,
740 2660 875 2737 praeter
892 2670 966 2730 eos,
985 2648 1044 2734 qui
1064 2670 1108 2717 ex
1128 2650 1223 2717 Urbe
1245 2645 1395 2714 audituri

155 2763 317 2833 venient.

230 2880 470 2965 Quadriennio
487 2892 556 2948 tam
572 2880 810 2971 scholasticam
827 2880 1050 2968 theologiam,
1065 2901 1167 2967 qnam
1179 2891 1281 2950 vetus
1293 2889 1395 2947 testa·

159 3006 318 3065 mentum
332 3008 346 3047 ⁸
358 3007 394 3063 et
406 2996 520 3083 aliqua
531 3018 575 3065 ex
587 2995 785 3065 doctoribus
795 2996 914 3078 sacris,
925 3007 960 3063 et
969 2994 1129 3077 decretis,
1140 3016 1228 3081 qnae
1238 2996 1284 3061 ad
1293 2996 1395 3062 theo-

156 3109 316 3199 logiamh
325 3110 510 3199 pertinent,
522 3112 641 3181 andire
650 3124 823 3201 poterunt.
835 3113 983 3181 Duobus
992 3112 1092 3180 annis
1101 3122 1279 3199 praeterea
1289 3111 1325 3177 in
1333 3134 1395 3199 pu-

155 3227 260 3294 blicis
274 3228 553 3315 responsionibus
564 3229 830 3313 exercebuntur,
843 3228 902 3313 qui
913 3228 956 3295 ad
968 3228 1114 3314 gradum
1123 3228 1303 3294 doctorum
1315 3248 1396 3313 pro-

157 3343 325 3410 mouendi
341 3344 499 3412 venerint
513 3342 533 3412 ¹.
557 3346 631 3413 Nec
651 3344 708 3411 alii
724 3366 826 3429 quam
847 3343 973 3413 eruditi
993 3353 1028 3413 et
1048 3344 1093 3409 ad
1108 3343 1302 3410 docendum
1319 3342 1395 3409 ido-

156 3458 217 3525 nei
232 3460 531 3545 promonebuntur
545 3461 581 3527 in
598 3440 771 3547 theologia
789 3459 903 3528 necin
920 3458 1155 3546 philosophiae
1173 3459 1346 3527 facultate.

228 3573 310 3641 Tria
331 3574 455 3643 artium
473 3574 483 3626 t
500 3574 672 3643 enrricula
692 3574 794 3643 simul
815 3575 1055 3643 instituuntur:
1079 3573 1225 3661 primum
1248 3576 1292 3641 ab
1311 3574 1395 3662 ipsis

155 3688 358 3759 dialectices
380 3690 594 3775 rudimentis;
618 3692 810 3761 secundum
839 3712 859 3757 a
886 3688 1106 3757 solidioribus
1133 3689 1264 3777 logices
1286 3689 1393 3772 libris;

157 3804 338 3874 tertinma
359 3806 491 3895 phisico
512 3808 527 3848 ¹²
547 3808 668 3875 auditu
688 3807 920 3875 inchoandum
940 3828 1034 3874 more
1053 3804 1244 3895 parisiensi,
1268 3806 1338 3873 imo
1360 3818 1396 3875 et

158 3920 368 3993 louaniensi.

212 4120 228 4163 d
266 4134 366 4175 mnas
382 4121 438 4175 alt.
476 4104 524 4165 -‘-e
549 4136 619 4177 suos
636 4122 692 4178 alt.
734 4122 778 4165 -t
793 4120 965 4177 allationum
977 4138 1034 4179 ms.
1072 4136 1124 4174 -r
1141 4138 1229 4193 quam
1247 4129 1334 4176 vetus
1352 4119 1396 4175 in·

157 4216 357 4264 strumentum
373 4226 442 4278 ms.,·
456 4228 544 4283 quam
557 4219 645 4267 uetus
658 4218 689 4267 et
701 4227 811 4267 nouum
824 4212 1053 4267 insunmeutum
1065 4211 1121 4269 alt.
1160 4212 1210 4255 -l
1223 4211 1395 4281 theologum

158 4297 216 4353 alt.
255 4299 298 4340 -l
315 4297 426 4355 fuerint
446 4301 503 4356 alt.
541 4300 584 4353 -i
603 4299 711 4377 artium
733 4300 901 4357 liberalium
921 4300 977 4360 att.
1017 4303 1068 4345 ..t
1084 4300 1206 4356 tertium
1223 4316 1241 4354 a
1257 4299 1341 4355 libris
1357 4298 1396 4353 de

160 4386 285 4460 physico
298 4388 355 4446 alt.

156 4566 348 4639 Pontusve,
371 4570 428 4626 loc.
450 4569 504 4625 cit.
527 4570 685 4627 Caeterum
708 4569 871 4643 positiones
894 4578 954 4625 tam
977 4570 1139 4627 rhetoricas
1161 4588 1249 4643 quarn
1274 4572 1397 4629 aliarum

153 4656 361 4728 scientiarum,
374 4676 450 4731 qnae
464 4658 512 4717 hic
526 4659 692 4731 laudantur,
705 4660 858 4734 hucusque
868 4676 928 4716 non
942 4659 1085 4717 vidimus.

214 4750 225 4780 ³
263 4746 410 4807 Charlart.
