3567 5409
479 452 585 513 Errsr.
606 451 744 523 3729.-9
762 452 963 509 Srrrrrrrrnrrrs
984 450 1054 524 1553
1290 469 1344 527 449

213 607 240 673 Il
257 606 383 675 timore
400 607 489 675 della
501 628 625 695 guerra
637 607 680 675 de
693 608 815 675 Parma
826 616 840 643 ⁰
852 608 945 677 forsa
955 607 1031 675 sari
1042 618 1178 675 cessato
1189 627 1255 675 con
1267 608 1300 675 la
1312 617 1379 676 tre-

149 745 193 809 ga
204 725 291 791 satta
302 721 338 790 in
352 722 558 804 Lonbardia‚
576 722 789 793 seoondochi
812 744 853 793 ce
874 724 951 793 dice
972 724 1008 791 di
1022 744 1103 812 qua,
1121 735 1157 793 et
1176 746 1238 811 per
1257 735 1379 811 questa

150 838 203 906 uia
217 848 253 906 et
268 838 314 908 de
330 841 434 907 Mtro.
449 838 616 919 Adriane,
635 860 673 907 se
688 838 808 908 uenirssa
820 840 969 925 qualche
982 838 1129 927 aggiuto
1140 842 1166 921 ⁰,
1185 840 1278 907 serti
1291 839 1379 908 assai

149 956 214 1022 ben
232 966 376 1023 uenuto.
396 956 439 1023 V.
457 957 499 1022 R.
517 958 563 1021 m’
580 955 735 1038 intende,
749 966 785 1023 et
796 957 879 1043 peri)
892 956 938 1023 mi
949 955 1088 1023 rimetto
1099 957 1246 1041 equolio
1258 958 1315 1023 ch'
1329 957 1379 1023 ai·

151 1082 200 1137 tre
216 1072 313 1137 uolte
329 1072 375 1137 ho
391 1068 523 1139 scritto.

213 1184 413 1271 Inscriptio.
433 1187 593 1267 Modena,
611 1186 680 1253 don
697 1186 844 1255 Battista
859 1187 973 1256 viora.

712 1358 816 1439 3729

470 1517 611 1585 PATRI
643 1518 845 1588 CAESARI
877 1519 1060 1588 HELMIO

539 1671 629 1715 norm
641 1675 659 1731 9
670 1670 866 1715 enormius
882 1657 951 1729 1553
964 1660 985 1721 ·.

151 1784 330 1856 Superiores
351 1784 470 1839 litterae
491 1782 903 1856 commemorat-Elpinice
928 1783 1086 1859 Ugolettue
1105 1790 1134 1843 et
1154 1786 1229 1842 eocii
1250 1786 1379 1841 Romam

196 1874 377 1945 propediem
389 1872 609 1929 nuntiari-Ex
620 1872 845 1929 lovaniensibus
857 1876 899 1931 acl
914 1873 1025 1931 Urbem
1035 1874 1233 1940 tendentibus,
1246 1872 1381 1931 Contine

206 1962 340 2019 Venetiie
349 1962 481 2019 detineri
489 1962 694 2033 poterit-De
703 1962 776 2019 oiiie
785 1962 1150 2021 vindomen-Do
1160 1963 1264 2029 Fabio,
1274 1962 1379 2020 nenio.

201 2052 490 2121 -Qnodrimeetree
503 2052 624 2108 litterae
635 2050 766 2123 placent.
1303 2042 1306 2049 ’

216 2178 290 2243 Pax
307 2175 365 2244 Χ.ἰ

217 2295 285 2360 Per
300 2296 409 2362 hauer
424 2291 544 2360 scritto
560 2292 580 2358 8
596 2291 631 2361 di
651 2293 683 2360 fa
699 2314 800 2380 sopra
817 2295 921 2361 th.
941 2293 1057 2363 Gioan
1078 2294 1254 2375 Ganbaro,
1277 2293 1379 2360 rime·

154 2408 255 2475 tendo
271 2408 303 2475 al
326 2430 424 2495 parer
442 2409 487 2474 de
509 2406 739 2495 monsignor¹
756 2430 820 2475 suo
835 2420 966 2477 restare
985 2431 1008 2475 o
1024 2408 1122 2476 uenir
1142 2432 1163 2477 a
1179 2412 1299 2491 Roma,
1317 2411 1380 2475 ha-

153 2525 301 2593 uendolo
314 2522 511 2604 insomnio,
530 2545 600 2590 non
615 2544 656 2593 ce
672 2523 749 2593 serr
766 2524 853 2591 altro
868 2525 912 2592 da
927 2523 980 2592 dir
995 2546 1033 2593 se
1048 2544 1118 2593 non
1134 2528 1211 2605 che,
1231 2525 1381 2611 parendo

152 2662 172 2707 a
186 2641 281 2709 detto
298 2640 499 2729 monsignor
514 2640 580 2709 che
597 2660 724 2727 uengn,
743 2642 865 2726 puot'rir
879 2638 1005 2708 auiarsi
1022 2640 1164 2708 insieme
1179 2662 1244 2709 con
1261 2640 1293 2708 ei
1310 2641 1378 2706 Pa-

153 2757 211 2825 dre
225 2758 294 2823 don
312 2754 447 2843 Elpidio
461 2768 497 2825 et
511 2757 535 2823 l'
553 2754 629 2823 altri
650 2756 701 2823 ira
719 2766 769 2823 tre
791 2778 813 2823 ο
833 2766 957 2842 quatro
976 2756 1090 2843 giomi
1110 2756 1223 2843 doppo
1238 2757 1270 2822 la
1290 2754 1378 2823 rice·

154 2883 235 2939 unta
250 2872 285 2939 di
306 2883 438 2958 questa.
458 2870 501 2941 Di
523 2871 636 2940 Gioan
653 2870 834 2939 florentino
850 2870 874 2937 il
893 2871 1081 2941 medesimo
1095 2870 1187 2953 dico,
1203 2869 1290 2953 cioi,
1312 2872 1379 2939 che

154 2988 203 3055 ira
219 3008 239 3073 3
252 3011 273 3056 0
289 2986 435 3075 4giorni
447 3008 513 3055 con
526 2986 549 3054 li
562 2985 637 3055 altri
650 2986 679 3054 si
696 2998 710 3029 ⁸
722 3008 864 3073 prepare
875 3009 914 3055 se
925 2985 939 3027 b
952 2988 998 3056 V.
1011 2988 1053 3055 R.
1068 3009 1136 3054 non
1150 2985 1288 3056 hauessi
1302 2998 1360 3053 tan

154 3114 188 3170 to
203 3116 324 3175 stretto
340 3102 498 3191 bisogno,
517 3106 585 3171 che
600 3124 703 3171 sanzn
719 3102 768 3169 lui
783 3123 853 3170 non
867 3102 994 3190 potensi
1010 3104 1073 3185 iar,
1092 3125 1114 3170 ο
1130 3113 1329 3171 ueramente
1341 3124 1379 3171 se

154 3218 199 3286 lui
216 3241 285 3287 non
300 3218 383 3287 fossi
398 3220 586 3287 deuentato
604 3221 662 3285 un'
680 3216 768 3285 altro
781 3220 923 3288 huomo.

219 3336 308 3405 Delli
325 3333 446 3403 fratelli
462 3334 496 3401 di
513 3332 669 3403 Louanio
689 3333 864 3420 sappiamo
884 3335 943 3401 ch’
966 3333 1021 3401 alli
1043 3353 1066 3418 4
1084 3334 1128 3401 de
1149 3336 1284 3419 Agosto
1304 3354 1380 3419 par·

155 3451 243 3520 tirno
257 3452 291 3523 6.
310 3454 389 3522 Uno
404 3452 448 3519 de
464 3452 537 3519 loro
553 3451 571 3519 ὲ
588 3453 693 3520 Mtro.
710 3448 864 3518 Arnoldo
881 3452 907 3532 ¹,
925 3461 961 3519 et
976 3472 1015 3517 sa
1029 3451 1119 3518 bene
1134 3450 1166 3517 la
1182 3448 1298 3537 lingua
1313 3448 1380 3516 ita—

155 3567 253 3638 lianaz
263 3570 398 3657 Questo
410 3566 439 3634 si
451 3578 465 3609 ⁶
477 3566 599 3654 puotri
613 3568 738 3635 format
749 3566 785 3633 di
798 3566 886 3647 li,et
898 3568 993 3634 forsa
1006 3564 1172 3633 ordinarsi
1184 3565 1376 3644 sacerdote,

76 3714 79 3719 ·
155 3684 283 3753 bench&
298 3684 328 3751 si
343 3683 466 3771 puotri
482 3682 518 3749 di
534 3693 657 3769 questo
672 3694 824 3770 aspettar
840 3682 963 3749 hauiso
978 3683 1022 3749 de
1038 3702 1119 3767 qua,
1141 3682 1256 3748 dando
1270 3682 1317 3751 V.
1335 3683 1375 3748 R.

156 3797 381 3869 information.
400 3799 491 3869 Dell'
508 3796 585 3865 altri
607 3814 625 3883 5
647 3818 717 3865 non
734 3820 774 3865 so
789 3800 854 3867 che
875 3796 926 3864 sia
942 3818 1094 3867 nessuno
1109 3806 1183 3864 atto
1199 3818 1219 3863 a
1235 3807 1377 3877 restare,

208 4018 222 4049 ⁰
257 4006 355 4062 Palma
370 4022 428 4061 me.

208 4174 224 4203 ⁸
255 4160 354 4215 cirne.
398 4160 567 4212 -bceme.
610 4154 769 4212 -ccinin

207 4348 220 4382 ⁸
253 4349 335 4405 Haeo
347 4346 542 4418 intelligimus
553 4344 593 4401 de
606 4342 740 4401 subeidio
752 4344 850 4417 aliquo
862 4359 915 4416 pro
927 4342 1056 4403 romanie
1072 4343 1161 4401 eociie
1180 4344 1376 4419 procurando.

210 4500 220 4533 ⁸
255 4494 653 4571 Excodicenegomstor.
667 4508 733 4552 arv.

210 4594 221 4625 ⁸
257 4588 391 4647 Andreae
404 4587 614 4660 Lippornanus.
630 4584 706 4640 Vide
719 4584 873 4656 epistolam
887 4580 968 4653 3717.

210 4680 221 4711 ¹
257 4678 403 4735 Arnoldne
415 4675 564 4733 Conchue.

286 4776 388 4823 Ronnrr.
402 4770 612 4826 roim-arm..
625 4780 684 4816 mir.
699 4768 732 4816 V.
