3567 5409
561 427 667 483 Errar.
685 424 841 497 3315.-12
860 426 988 485 Aratus
1009 426 1079 497 1553
1382 445 1399 497 9

269 582 360 646 Pues
375 580 419 647 de
437 590 528 647 otras
544 600 643 647 cosas
660 580 882 667 particulares
897 581 1004 649 seriis
1020 580 1229 649 informados
1244 582 1300 649 del
1323 584 1430 650 Mtro.

203 694 403 763 Hierunimo
425 696 534 763 Nadal
552 716 620 779 que
640 706 714 763 esta
735 696 836 777 lleba,
854 708 928 763 esta
948 702 1025 765 sera
1045 697 1119 765 strio
1140 717 1221 784 para
1242 696 1433 767 advertiros

200 812 291 878 delo
307 832 376 895 que
391 832 457 879 nos
471 813 515 877 ha
531 812 690 898 pareeido
705 832 748 881 en
765 812 798 879 el
814 813 925 881 Senot
942 823 1083 881 nuestro
1098 818 1118 881 a
1134 834 1252 897 mayor
1266 812 1433 881 alabanza

201 950 222 1013 y
242 927 352 1014 gloria
373 928 418 993 de
438 948 479 994 su
506 926 623 995 divina
644 928 821 1015 magesrad
843 949 965 995 acerca
984 929 1028 995 de
1047 928 1080 995 la
1100 928 1252 998 facultad
1271 950 1294 1014 y
1315 929 1433 1015 grazia

199 1064 265 1127 que
280 1044 317 1111 S.
335 1044 374 1113 S.
393 1064 456 1111 nos
471 1044 516 1110 ha
536 1042 740 1124 concedido‚
758 1064 857 1111 como
872 1042 984 1113 verris
1001 1066 1062 1129 por
1081 1045 1114 1113 el
1134 1045 1240 1111 breve
1255 1044 1433 1113 autentico

199 1180 265 1243 que
280 1180 321 1225 os
335 1158 536 1241 ambiamus,
555 1180 638 1246 para
652 1160 809 1227 absolvet
826 1159 860 1227 in
878 1160 952 1227 foro
967 1159 1199 1231 eonscientiae
1213 1162 1258 1230 de
1273 1181 1372 1227 casos
1389 1160 1433 1225 de

200 1276 350 1341 heresias
366 1275 393 1355 ¹;
411 1296 435 1361 y
450 1296 502 1357 es,
524 1294 592 1359 que
607 1266 670 1361 por
682 1274 797 1361 justos
813 1296 835 1361 y
851 1274 995 1357 debidos
1010 1285 1186 1361 respectos
1206 1296 1246 1343 os
1263 1295 1433 1362 eucarga-

198 1410 283 1469 moa,
303 1411 372 1475 que
392 1412 437 1457 en
458 1389 613 1477 ninguna
633 1410 774 1459 manera
799 1391 853 1457 los
873 1401 1034 1468 nuestros
1048 1390 1092 1460 de
1107 1412 1187 1459 esua
1202 1412 1326 1477 reynos
1345 1412 1429 1459 usen

197 1504 240 1573 de
255 1517 331 1573 esta
347 1504 477 1591 gracia,
496 1526 634 1592 aunque
652 1526 737 1573 usen
759 1528 782 1593 y
802 1527 915 1593 gocen
934 1507 980 1575 de
994 1507 1045 1574 las
1060 1517 1153 1575 otras
1169 1508 1279 1575 todas.
1298 1508 1328 1573 Y
1346 1527 1433 1592 pues

198 1640 259 1687 nos
273 1620 511 1707 persuadimos
531 1644 574 1695 en
595 1621 627 1689 el
648 1622 759 1691 Seuor
780 1633 922 1691 nuestro
942 1622 1084 1691 estarais
1100 1622 1134 1690 al
1149 1622 1236 1689 cabo
1250 1623 1295 1691 de
1311 1622 1347 1689 lo
1364 1643 1432 1707 que

191 1738 258 1803 'nos
274 1756 401 1805 mueve
421 1742 442 1803 a
461 1747 549 1819 esto,
566 1736 687 1807 siendo
707 1758 790 1807 cosa
812 1750 870 1807 tan
885 1736 1010 1805 debida
1026 1758 1089 1825 por
1108 1746 1279 1818 ausuum,
1298 1759 1344 1804 no
1359 1743 1433 1803 mas

198 1852 239 1918 de
254 1851 405 1937 suplicar
420 1858 441 1919 a
457 1851 541 1919 Dios
557 1854 601 1919 N.
620 1854 660 1923 S.
682 1874 746 1921 nos
765 1855 810 1921 de
831 1853 952 1941 gracia
970 1855 1014 1921 de
1029 1852 1174 1941 cumplir
1195 1874 1237 1921 su
1252 1862 1352 1924 santa
1367 1874 1432 1919 vo·

196 1965 329 2033 luntad.

264 2083 417 2151 Vuestro
433 2102 477 2151 en
493 2084 527 2151 el
541 2084 653 2153 Senot
668 2096 822 2167 nuestus,

1085 2202 1250 2271 lutrano,

768 2345 859 2425 8315

490 2476 630 2545 PATRI
654 2478 941 2545 HIERONYMO
964 2477 1143 2545 NATALl

602 2622 690 2667 trous
713 2622 886 2667 russatus
908 2608 1020 2681 15531.

402 2736 513 2809 Capita
526 2754 632 2793 rarum
644 2754 665 2791 a
678 2735 787 2793 Natali
796 2737 1007 2809 gerendarum
1019 2735 1053 2791 s'rs
1067 2735 1233 2809 Hispania.

498 2884 665 2933 MEMORIA
690 2883 783 2931 Pana
808 2882 853 2930 ΕΙ.
877 2882 990 2931 ultro.
1017 2882 1137 2931 Nanau

263 3008 430 3075 Primero.
478 3005 733 3076 Deteniendose
749 3026 793 3074 en
813 3007 1001 3075 Barcelona
1021 3026 1126 3093 pocus
1145 3006 1232 3086 dias,
1254 3027 1277 3091 y
1297 3006 1432 3075 dexada

194 3126 226 3191 la
241 3125 351 3191 orden
368 3144 436 3209 que
450 3123 483 3191 le
498 3128 670 3209 parmata,
689 3098 828 3209 pasaara
843 3127 864 3187 a
882 3120 1045 3189 Valeucia
1060 3143 1084 3207 y
1099 3122 1248 3189 Gandla.

264 3238 317 3305 2.⁰
365 3240 433 3307 Alli
461 3250 566 3325 tanga
594 3260 656 3325 por
675 3237 952 3307 eneomendadas
972 3238 1024 3303 las
1043 3256 1142 3304 cosas
1162 3238 1205 3304 de
1225 3236 1259 3303 la
1279 3238 1365 3305 letra
1385 3238 1430 3305 de

196 3358 300 3424 Mtro.
316 3354 490 3441 Jerunimo
502 3355 747 3439 Domanech3y
760 3373 804 3419 eu
816 3353 954 3421 Gandla
966 3350 1051 3420 mire
1062 3351 1092 3419 si
1103 3352 1212 3419 habri
1223 3351 1431 3437 disposicitlu

197 3493 281 3556 para
296 3474 404 3539 hauet
419 3470 475 3537 del
490 3478 592 3539 senor
611 3470 728 3555 duque
749 3464 760 3499 ¹
781 3468 815 3535 lo
836 3488 905 3554 que
925 3466 1092 3554 prometiri
1113 3487 1176 3555 por
1196 3467 1306 3553 puliza
1326 3467 1370 3534 de
1390 3488 1431 3533 su

248 3625 261 3656 ¹
301 3621 408 3688 Causa,
421 3622 461 3676 ob
473 3638 560 3693 quarn
574 3619 668 3675 noluit
683 3618 815 3691 Ignatius
828 3629 860 3675 ut
880 3617 974 3675 nostri
996 3618 1027 3675 iu
1045 3616 1190 3690 Hispania
1206 3619 1261 3673 hac
1279 3626 1429 3691 potestate

196 3718 363 3781 uterentur,
374 3708 500 3781 intelligi
513 3719 611 3782 potest
623 3725 661 3765 ex
675 3710 785 3779 verbis,
799 3724 875 3782 quae
888 3706 927 3763 ad
939 3725 1048 3764 annum
1061 3718 1127 3777 1551
1142 3704 1233 3762 refert
1245 3708 1430 3779 Pouartcus,

197 3798 324 3867 Chron„
338 3800 376 3867 11,
390 3794 453 3869 354:
468 3799 669 3855 uFacultatem
681 3796 856 3853 absolvendi
878 3814 896 3853 a
912 3796 1032 3852 casibus
1044 3795 1176 3851 haeresis
1189 3813 1207 3851 a
1219 3796 1340 3852 Summo
1353 3796 1429 3852 Pou-

193 3886 276 3941 rifiee
293 3886 478 3958 impetratam
496 3886 530 3943 P.
549 3884 684 3955 ignatius
701 3884 731 3941 iu
753 3884 927 3956 Hispaniam
944 3882 982 3940 ad
999 3884 1144 3954 collegia,
1159 3882 1237 3939 sicut
1259 3891 1291 3940 et
1308 3886 1429 3940 aliarum

194 3975 359 4043 uatiruurm,
371 3974 501 4047 miserat,
513 3984 543 4031 et
552 3972 672 4047 quidem
683 3990 734 4045 per
744 3982 880 4047 patentes
891 3973 1016 4046 littesaa3
1028 3972 1081 4029 sed
1091 3973 1150 4029 illis
1160 3972 1191 4028 iu
1200 3973 1301 4043 reguis
1311 3981 1432 4045 propter

191 4062 401 4119 auctoritatem
421 4062 522 4119 Sancti
539 4062 638 4121 officii
655 4062 858 4136 Inquisitionis
877 4062 1112 4119 moderatissime
1130 4062 1181 4117 illa
1198 4061 1340 4117 utendum
1363 4080 1430 4117 esse

194 4153 356 4225 prudentes
369 4154 589 4221 existimabant3
601 4169 668 4210 uam
681 4168 771 4225 segre
781 4151 857 4207 ferre
871 4152 1064 4225 Inquisitores
1078 4150 1254 4209 videbantur
1263 4150 1329 4207 aliis
1341 4168 1430 4223 quam

195 4242 269 4315 ipsis
282 4242 452 4299 facultatem
466 4258 531 4299 eam
545 4240 695 4298 concedi.»

252 4398 259 4429 ¹
298 4395 342 4449 Ex
363 4394 428 4450 eorl.
448 4394 567 4451 Dscrst.
585 4399 614 4449 et
632 4392 716 4460 insa,
735 4392 768 4451 ff.
786 4392 896 4463 39-4or.
915 4391 1091 4465 Scriptiouis
1113 4400 1230 4464 tempus
1252 4398 1367 4447 constat
1391 4409 1429 4446 ex

194 4484 319 4557 epistola
332 4482 419 4554 3521,·
428 4483 480 4539 ubi
493 4485 548 4539 sub
561 4501 590 4539 11.
605 4482 646 4539 8.⁰
659 4484 731 4539 haec
745 4482 862 4539 videtur
874 4482 1034 4551 designari.

249 4579 261 4609 ¹
297 4572 421 4629 Carolus
433 4572 550 4644 Borgia‚
564 4572 625 4629 dux
639 4572 783 4631 Gaudiaa.
799 4572 846 4629 Ad
859 4581 1045 4644 remantem,
1058 4572 1096 4628 de
1113 4590 1172 4645 qua
1188 4573 1237 4627 hic
1255 4570 1364 4641 agitur,
1387 4570 1429 4625 vi·

193 4664 300 4720 deatur
313 4664 496 4734 Pousucus,
511 4662 634 4729 Curam,
648 4662 686 4730 11,
703 4664 767 4733 165.
