3567 5409
504 460 608 515 Errsr.
628 458 783 530 3693.-26
802 460 947 515 Auensrr
968 456 1036 528 1553
1259 466 1261 479 ¹
1297 470 1346 528 401
1372 493 1374 498 .

160 612 272 680 diuina
288 613 430 681 maesti.
450 614 556 679 Corne
578 612 673 679 siano
694 612 781 692 sani,
804 623 950 698 potrano
970 612 1042 679 loro
1063 634 1083 677 0
1100 612 1177 678 altri
1200 625 1333 681 tornare
1353 615 1385 679 31

160 730 295 796 seruitio
311 732 385 796 loro
401 740 437 797 et
451 730 540 796 delia
556 727 648 795 cittii.

222 847 301 912 Non
332 834 436 924 altro,
469 868 507 911 se
538 852 607 910 non
642 844 912 911 raeomandarmi
948 846 1053 911 molto
1084 845 1138 909 all'
1167 845 1311 911 orationi
1343 847 1386 913 de

160 963 202 1025 V.
220 962 324 1042 sna„
342 974 376 1029 et
393 983 516 1049 pregar
531 963 565 1027 13
580 961 697 1027 diuina
713 960 879 1046 sapientia
897 955 976 1026 tu'tti
998 960 1029 1026 ci
1050 960 1170 1027 indrizi
1192 972 1225 1029 et
1246 962 1277 1027 ci
1300 962 1386 1028 facia

162 1098 326 1145 conocere
341 1097 478 1162 sempre
494 1088 528 1144 et
544 1076 720 1163 esseguire
736 1097 800 1142 sua
815 1075 1010 1143 santissima
1027 1076 1179 1143 voluntat.

222 1195 276 1261 De
291 1194 401 1259 Roma
417 1194 461 1259 26
476 1193 520 1258 de
535 1193 672 1278 Agosto
692 1208 791 1276 1553.

224 1310 421 1394 Inscriptio.
442 1310 509 1376 Per
523 1309 557 1374 13
572 1306 741 1374 caualiera
757 1284 925 1375 Cortesa.¹

719 1479 825 1561 3693

454 1614 595 1679 enini
619 1612 886 1680 FRANcrsco
911 1610 1090 1679 PALMIO

568 1758 657 1801 nous
669 1746 705 1800 26
717 1757 856 1801 ruonsrr
875 1744 944 1813 1553
959 1744 978 1799 ⁴.

164 1870 208 1927 Dc
218 1871 327 1926 solatio
339 1872 428 1926 sociis
442 1870 580 1925 Mutinae
596 1871 825 1943 aegrotantibus
837 1874 1004 1942 opportune
1018 1870 1155 1941 praebito
1169 1872 1293 1945 gratias
1310 1872 1387 1944 agit,

169 2029 174 2037 .
213 1962 398 2031 mandatque
410 1964 444 2014 ut
456 1978 524 2015 cum
545 1960 631 2014 Viola
644 1958 784 2031 conserat
795 1977 872 2030 quae
878 1964 939 2031 pro
948 1960 1061 2014 nostris
1071 1961 1289 2015 mutinensibus
1298 1980 1389 2034 agen·

215 2053 254 2105 da
265 2054 352 2116 suat;
363 2051 442 2120 quod
454 2049 481 2102 si
493 2050 613 2103 hicnon
626 2050 695 2104 bene
714 2049 816 2104 valeat
834 2053 868 2102 ut
887 2048 953 2119 ejus
969 2050 1132 2105 consitium
1148 2051 1269 2121 exquiri
1283 2054 1387 2122 possit,

214 2140 358 2194 Pafmius
374 2140 437 2211 ipse
453 2142 571 2191 statuat
587 2140 667 2208 quod
684 2138 794 2193 rectius
805 2138 1007 2209 judicaverit,
1029 2140 1157 2195 sociosve
1179 2139 1299 2195 Mutina
1320 2142 1390 2197 edu-

214 2233 272 2293 cat,
285 2230 387 2283 autin
400 2227 586 2283 salubriores
597 2228 685 2283 aedes
697 2228 870 2283 distribuat.
896 2250 899 2257 ¹

229 2356 278 2421 La
298 2376 398 2420 suma
417 2352 529 2439 gratia
552 2364 586 2421 et
607 2373 703 2419 amor
723 2364 845 2420 eterno
864 2353 907 2419 de
928 2353 993 2420 Χ.0
1015 2356 1060 2423 Ν.
1085 2357 1122 2422 S.
1141 2354 1190 2421 sia
1207 2377 1340 2443 sempre
1355 2356 1391 2425 in

168 2468 309 2556 aggiuto
324 2480 360 2536 et
377 2469 476 2536 fauor
491 2479 622 2536 nostro,

231 2587 287 2652 Ho
303 2586 406 2664 visto,
423 2582 624 2651 charissimo
645 2583 791 2664 fratello,
814 2594 944 2667 quanto
968 2583 1115 2651 scriuete
1140 2607 1199 2671 per
1222 2588 1255 2652 13
1279 2597 1394 2654 vostra

169 2702 209 2767 de
229 2704 267 2768 18
283 2701 340 2766 del
351 2709 526 2786 presente,
545 2710 581 2766 et
596 2698 642 2764 mi
659 2720 739 2783 pare
756 2697 917 2765 habbiate
935 2699 1020 2765 fatto
1036 2722 1081 2765 vn
1103 2700 1215 2767 officio
1232 2702 1275 2769 de
1291 2704 1395 2769 molta
1425 2690 1430 2703 ’

170 2816 310 2897 chariti,
328 2831 363 2882 et
379 2825 473 2882 certo
489 2836 509 2880 a
530 2836 585 2880 me
606 2814 802 2900 gratissimo
821 2815 877 2880 nel
899 2814 1038 2900 signer,
1062 2817 1095 2881 d’
1120 2817 1225 2882 andar
1242 2840 1262 2883 a
1278 2817 1395 2884 visitat

170 2930 193 2995 li
208 2930 314 2997 nostri
331 2932 375 2997 de
391 2932 553 3011 Modena,
570 2930 792 3015 preuenendo
808 2928 844 2994 in
859 2930 973 3013 quello
989 2928 1013 2994 il
1029 2930 1217 2999 medesimo
1230 2936 1294 3000 che
1311 2932 1344 2998 io
1361 2934 1396 3000 vi

169 3048 289 3113 voleua
304 3046 559 3127 raeomandare;
578 3067 634 3111 ma
650 3043 683 3109 vi
699 3056 790 3111 resta
805 3043 883 3111 finir
899 3045 921 3110 1’
936 3066 1040 3130 opera
1057 3048 1182 3115 buona.
1198 3049 1235 3114 Io
1248 3048 1295 3113 mi
1311 3070 1396 3115 sono

170 3162 310 3229 risoluto
323 3164 368 3228 de
383 3161 504 3230 leuarli
519 3162 719 3228 totalmente
734 3160 777 3227 de
794 3161 953 3243 Modern,
972 3182 1009 3227 se
1026 3182 1095 3227 non
1113 3164 1240 3248 paressi
1260 3187 1280 3231 3
1296 3186 1395 3243 mon-

170 3278 285 3364 signor
306 3280 329 3344 il
349 3296 500 3345 vescouo
521 3278 546 3355 ¹,
568 3298 590 3341 o
611 3298 693 3341 vero
708 3274 763 3341 alli
780 3274 911 3356 deuoti,
928 3277 971 3343 de
988 3277 1179 3362 prouederli
1196 3281 1230 3345 d'
1249 3304 1294 3347 vn
1311 3281 1396 3347 altra

170 3416 260 3461 casa.
281 3395 412 3460 Perche
434 3392 522 3459 assai
546 3402 754 3478 argumento
777 3392 794 3457 ὲ
816 3394 881 3459 che
902 3391 952 3457 sia
975 3394 1082 3458 molto
1103 3392 1244 3461 inferma
1269 3396 1395 3480 quella,

172 3511 290 3578 essersi
311 3510 448 3577 amalati
469 3509 492 3574 li
514 3507 595 3575 duoi
616 3506 768 3574 mandati
791 3529 811 3573 3
835 3506 987 3575 Veneria
1011 3518 1045 3576 et
1071 3510 1202 3591 Padua,
1225 3521 1259 3577 et
1276 3513 1396 3579 adesso

173 3627 261 3706 tutti,
278 3648 382 3693 sanza
398 3636 527 3692 restare
542 3646 702 3691 nessun0.
721 3624 764 3689 Et
780 3625 823 3690 de
839 3622 899 3709 piis
910 3624 942 3690 13
955 3624 1183 3709 descriptione
1195 3638 1310 3693 vostra
1326 3650 1398 3695 mo-

174 3754 240 3809 stra
256 3745 372 3830 (sanza
386 3741 410 3806 fi
425 3739 549 3827 effecti)
565 3740 590 3804 il
612 3738 811 3820 medesim03
829 3737 863 3803 in
885 3741 986 3805 modo
1008 3742 1071 3805 che
1094 3762 1159 3807 con
1180 3743 1295 3808 buona
1311 3763 1398 3809 con-

175 3858 304 3927 scienza
321 3880 390 3924 non
407 3857 436 3923 si
452 3858 522 3943 pub
538 3876 697 3921 mancare
712 3856 755 3921 de
772 3855 951 3940 proueder.
973 3858 1043 3921 Pur
1064 3855 1315 3943 bisognarebbe
1335 3862 1400 3927 che

174 3972 195 4039 il
209 3975 342 4041 medico
358 3972 467 4060 prima
483 3970 565 4039 fossi
589 3972 731 4056 perlato,
750 3984 785 4037 et
805 3972 990 4056 procedere
1011 3972 1066 4037 col
1087 3994 1151 4038 suo
1175 3974 1351 4060 consegfio
1366 3977 1398 4041 al

174 4101 274 4157 resto.
293 4092 338 4157 Et
352 4112 390 4157 se
406 4086 543 4173 qualch’
558 4110 627 4153 vno
643 4087 725 4152 fossi
742 4098 838 4153 tanto
858 4086 960 4168 maie,
983 4090 1048 4154 che
1064 4110 1132 4154 non
1150 4088 1177 4155 si
1198 4090 1324 4173 potessi
1340 4112 1399 4157 ca·

176 4229 255 4275 uare
269 4206 306 4272 di
323 4207 484 4286 Modena,
503 4200 631 4273 restari
649 4224 669 4269 3
686 4214 800 4268 vostra
816 4202 1022 4270 discretione
1039 4205 1153 4287 quello
1170 4204 1236 4273 che
1252 4226 1280 4271 sr
1296 4208 1340 4272 ha
1355 4208 1400 4273 da

175 4324 244 4390 fare
259 4324 304 4390 de
318 4322 379 4403 lui;
398 4344 436 4389 se
452 4319 590 4387 cauarlo
607 4320 742 4386 ahneno
758 4320 801 4385 de
817 4319 849 4383 la
865 4338 945 4384 casa
961 4318 1051 4385 douc
1067 4319 1095 4385 si
1114 4330 1212 4387 troua
1227 4322 1361 4401 adeSSO,
1379 4344 1401 4387 o

177 4460 257 4507 vero
271 4439 416 4505 lassarlo
432 4448 535 4503 stare.

228 4600 237 4633 ¹
274 4600 319 4654 Ex
330 4598 434 4654 codice
448 4598 569 4671 Regest.
587 4596 613 4660 I,
628 4594 679 4649 fol.
696 4592 921 4663 14v.-Cartas,
936 4612 965 4652 n.
981 4592 1194 4649 CCCXXXIX.

229 4694 240 4723 ²
275 4688 421 4759 Aegidius
434 4685 632 4743 Foscarsrius.

306 4786 410 4831 Morou.
422 4785 634 4836 loson-Emi„
649 4792 710 4827 rou.
722 4780 758 4823 V.
1242 4782 1269 4827 25
