3567 5409
530 436 634 493 Errsr.
653 434 808 507 ³74⁸·-16
827 436 1027 493 summus
1048 432 1118 506 1553
1348 446 1401 509 ⁴77

272 589 342 655 Del
358 588 465 656 andar
479 612 501 657 a
517 589 633 655 Padoa
648 608 710 675 per
724 588 848 675 pigliar
863 584 885 653 l'
900 609 992 674 aqua
1008 589 1066 657 del
1084 589 1213 675 hagno,
1231 588 1444 677 seguitaudo

204 703 426 791 iloonseglio
441 703 520 771 delli
536 702 671 785 medici,
690 716 812 790 questo
826 702 858 771 ci
873 724 1013 773 occorre
1025 703 1242 791 ripresentar3
1256 707 1320 771 che
1332 705 1373 772 V.
1390 706 1435 779 R.

204 818 402 887 conferisca
417 841 483 887 con
499 819 646 907 qualche
669 819 803 887 medico
822 820 939 886 buono
961 819 983 886 l’
1006 841 1100 889 esser
1120 842 1183 887 suo
1203 830 1375 907 presente,
1399 833 1443 893 otx

204 934 331 1005 timore
349 934 383 1003 d’
399 934 527 1005 intrare
543 957 604 1021 per
620 945 741 1020 questa
757 936 935 1003 inuernata
955 933 991 1001 in
1011 946 1133 1022 questa
1152 936 1342 1019 curatione;
1359 959 1435 1024 per-

203 1054 273 1119 che
291 1052 396 1133 forsa,
415 1052 573 1123 uedendo
588 1052 656 1119 che
670 1048 737 1119 stia
751 1048 879 1139 meglio
894 1063 930 1120 et
944 1051 1102 1119 desidera
1116 1072 1235 1137 passar
1255 1051 1325 1121 cosi
1343 1050 1366 1119 l'
1381 1053 1436 1122 iu-

202 1187 335 1247 uemn,
365 1168 438 1234 loro
465 1167 614 1234 anchora
642 1164 890 1255 giudicherano
916 1164 967 1233 sia
991 1167 1060 1235 ben
1086 1169 1173 1234 fatto
1199 1168 1222 1235 l'
1251 1178 1434 1255 aspettam.

202 1284 371 1370 Quando,
391 1282 473 1370 ogni
490 1304 570 1351 cosa
590 1282 805 1352 deschiarata
826 1279 901 1373 [sic]
922 1282 1047 1362 aloto,
1068 1284 1219 1350 secondo
1237 1284 1259 1349 l'
1281 1293 1354 1351 arte
1374 1306 1438 1353 sua

202 1398 461 1468 sinceramente
482 1395 715 1485 giudicassino
734 1396 964 1467 conueniente
982 1401 1048 1467 che
1071 1400 1116 1467 V.
1142 1400 1186 1473 R.
1210 1422 1290 1486 pare
1312 1400 1436 1469 debbia

202 1517 306 1597 farlo,
326 1515 450 1603 poiche
465 1539 487 1583 a
501 1514 655 1603 ogniuno
671 1515 751 1585 nell'
775 1524 848 1583 arte
869 1536 933 1581 sua
953 1514 1125 1585 conuenie
1140 1514 1214 1604 [sic]
1230 1517 1382 1598 credere,
1399 1528 1440 1591 et,

200 1642 331 1717 questo
348 1633 366 1701 ὲ
383 1652 502 1719 parere
518 1643 647 1713 nostro;
665 1631 800 1701 benche
818 1652 883 1699 con
900 1632 1020 1701 effetto
1035 1631 1068 1699 ci
1088 1653 1169 1718 pare
1193 1632 1280 1699 tardi
1301 1652 1361 1718 per
1376 1653 1437 1700 co·

199 1747 351 1815 rninciar
367 1758 489 1834 questa
505 1768 597 1815 cosa.

273 1864 342 1931 Del
359 1864 461 1931 modo
476 1884 497 1929 o
514 1862 570 1930 uia
586 1864 630 1930 de
646 1862 799 1931 scriuere
814 1864 846 1929 al
862 1884 928 1933 suo
944 1884 1047 1951 paese
1061 1886 1143 1950 pare
1163 1864 1214 1933 sia
1231 1874 1364 1951 questo:
1381 1864 1436 1930 in-

201 1979 342 2047 drizare
358 1981 390 2048 le
406 1982 527 2048 lettere
542 1980 573 2047 al
598 1982 639 2047 P.
666 1980 768 2047 Mtro.
799 1978 953 2047 Adriano
979 1980 1006 2061 ⁸3
1033 1991 1069 2047 et
1091 1980 1243 2049 scriuere
1265 1981 1322 2048 alli
1346 1984 1440 2066 suoi,

201 2096 323 2181 quella
338 2095 537 2183 prouisione
552 2099 617 2163 che
632 2096 655 2162 li
672 2098 789 2163 hanno
805 2096 1002 2163 amandare
1018 2094 1040 2162 l’
1061 2096 1236 2163 indrizano
1254 2118 1316 2184 per
1336 2120 1446 2166 mano

202 2212 248 2279 de
268 2212 417 2296 qualche
431 2211 673 2309 merchadante
689 2210 722 2278 d'
739 2213 912 2292 Anuersa,
928 2210 964 2279 id
979 2222 1033 2279 est
1048 2214 1184 2281 Antuer
1199 2223 1213 2252 ⁸
1232 2214 1265 2279 al
1285 2233 1348 2279 suo
1363 2235 1438 2282 cor·

202 2328 438 2414 respondente
452 2327 496 2395 de
510 2328 617 2395 Roma
629 2326 724 2395 accio
735 2326 786 2393 sia
798 2326 892 2395 datta
904 2327 937 2394 la
949 2348 1082 2395 summa
1092 2330 1158 2397 che
1170 2328 1193 2394 li
1205 2350 1296 2396 anno
1308 2351 1327 2396 a
1340 2351 1438 2396 man·

202 2444 267 2511 dar
289 2466 310 2509 a
332 2444 377 2512 V.
402 2444 459 2524 R,
481 2464 503 2509 o
523 2463 609 2511 uero
628 2464 649 2509 a
670 2441 725 2508 ehi
752 2446 920 2511 mostrera
947 2464 1010 2511 sue
1036 2442 1230 2530 aquitanae,
1260 2468 1283 2513 o
1308 2466 1393 2515 uero
1418 2470 1439 2515 a

202 2562 310 2628 Mtro.
336 2558 449 2627 Gioan
471 2558 631 2646 Philippo
651 2558 732 2627 Vito
752 2558 767 2599 ¹³
787 2558 875 2627 della
897 2557 1112 2649 Compagnia
1131 2562 1175 2627 de
1193 2563 1289 2650 Jesir,
1311 2564 1436 2648 perche

204 2674 282 2744 cosi
296 2676 500 2743 rescotendo
512 2673 616 2760 quelli
629 2674 760 2755 denari,
775 2695 841 2743 con
853 2674 981 2743 facilita
997 2675 1026 2743 si
1037 2688 1052 2719 ⁰
1063 2678 1271 2746 manderano
1280 2678 1372 2747 doue
1383 2691 1437 2747 sta

203 2793 250 2859 V.
277 2794 321 2857 R.
352 2793 398 2861 Se
418 2790 492 2857 loro
512 2812 583 2857 non
609 2792 700 2859 hano
725 2800 819 2859 tanta
842 2791 1008 2879 praticha,
1035 2793 1170 2859 bastard
1195 2796 1262 2861 che
1282 2793 1386 2862 diano
1409 2798 1442 2863 al

203 2908 247 2975 P.
270 2910 374 2975 Mtro,
394 2906 560 2987 Adriano,
580 2915 706 2976 rettore
721 2908 755 2973 in
773 2908 940 2988 Louanio,
963 2908 1053 2975 della
1072 2910 1287 2997 Compagnia
1308 2922 1439 2995 nostra,

202 3024 238 3091 le
256 3024 384 3092 lettere
400 3033 435 3089 et
451 3022 569 3090 denari
585 3022 651 3091 che
667 3007 844 3109 uogliono,
867 3033 903 3091 et
924 3022 973 3090 lui
993 3024 1016 3090 li
1037 3024 1238 3093 manderd‘a
1258 3027 1379 3105 Roma,
1404 3041 1441 3097 et

203 3139 240 3207 di
259 3160 328 3224 qua
345 3137 375 3205 si
391 3140 465 3206 fara
480 3159 578 3205 come
595 3138 613 3205 ὲ
630 3139 736 3205 detto.

274 3254 376 3323 Delle
392 3254 513 3324 lettere
529 3252 791 3340 quadrimestre,
806 3254 938 3323 benche
948 3256 1005 3322 nel
1021 3255 1142 3342 parire,
1157 3278 1225 3323 non
1238 3279 1360 3325 manco
1373 3262 1438 3328 che

207 3372 268 3440 nel
290 3372 375 3451 iare,
398 3370 427 3437 si
451 3376 552 3439 serue
578 3368 668 3463 al[le]
695 3372 789 3439 uolte
815 3369 882 3439 Dio
909 3372 954 3439 N.
984 3372 1037 3452 S.,
1066 3370 1200 3439 taciano
1226 3396 1311 3460 pure
1338 3394 1439 3442 come

204 3508 358 3567 uorrano
373 3485 417 3553 de
435 3486 590 3553 scriuerli
606 3506 627 3553 o
643 3508 699 3553 no.

277 3602 376 3670 Della
404 3600 583 3689 diligentia
611 3603 676 3671 che
702 3603 792 3671 deue
821 3602 947 3687 ussarsi
974 3602 1009 3670 in
1040 3603 1164 3691 pigliar
1189 3607 1334 3690 qualche
1361 3628 1440 3677 casa

208 3720 323 3801 afitto,
342 3738 402 3804 per
417 3738 486 3783 non
508 3727 579 3783 star
600 3717 635 3783 in
657 3730 779 3803 questa
801 3730 899 3786 tanto
918 3718 1097 3789 incomoda
1118 3742 1179 3807 per
1197 3720 1221 3786 li
1241 3721 1384 3789 abitanti
1404 3736 1441 3791 et

206 3858 270 3923 per
285 3835 318 3901 le
334 3834 476 3914 scholle,
495 3833 552 3919 gia
569 3832 598 3900 si
614 3831 629 3873 ‘¹
646 3833 664 3899 ὲ
681 3834 800 3900 scritto
816 3835 849 3901 al
863 3834 974 3901 Padre
991 3834 1208 3903 commiserio
1232 3838 1257 3918 ⁴,
1283 3839 1315 3907 al
1338 3840 1440 3924 quale

205 3972 279 4017 non
296 3947 411 4016 scriuo
427 3950 460 4015 al
476 3959 634 4036 presente
651 3970 712 4037 per
727 3970 796 4016 non
813 3950 922 4017 hauet
937 3950 1024 4018 altro
1039 3952 1084 4020 da
1096 3952 1185 4032 dirli,
1200 3975 1268 4020 non
1280 3956 1443 4022 hauendo

208 4066 358 4152 risposta
375 4064 463 4134 delle
479 4077 597 4135 nostre
613 4063 744 4134 ultime.
860 4061 862 4067 ’

276 4182 351 4249 Del.
364 4178 571 4249 cominciare
592 4180 624 4249 le
645 4182 775 4249 scholle
803 4204 873 4249 non
903 4204 983 4270 pare
999 4185 1028 4251 si
1044 4185 1172 4271 epercla
1188 4199 1308 4273 troppo
1325 4196 1446 4274 tempo.

263 4408 277 4437 ι
315 4394 666 4467 sicelegeAntwerpen.
705 4396 755 4439 -b
774 4394 842 4451 Vita
855 4414 912 4454 ms.
950 4400 1078 4470 -0,d,·
1096 4398 1190 4458 cims.

265 4584 277 4616 ³
314 4582 462 4639 Adrianus
476 4582 611 4653 Adriani,
625 4583 804 4639 lovaniensis
817 4584 922 4641 domus
934 4586 1130 4659 praepositus.

265 4674 276 4705 ⁴
313 4672 443 4744 Joannes
457 4674 524 4735 Bta.
541 4672 639 4735 Viola,
649 4672 695 4733 Ci.
710 4672 948 4746 epistolae3691,
963 4673 1045 4747 ³⁶93,
1057 4674 1126 4747 3701
1141 4688 1172 4734 et
1184 4676 1266 4749 3721.
