3567 5409
515 410 622 469 Earsn
640 408 799 482 &as-m
815 410 1007 467 Nomento
1029 410 1098 481 1553
1339 424 1394 483 745

193 564 300 635 luisse
311 576 327 616 ¹¹
338 565 576 635 auctoritatem
589 566 755 653 praetoris
765 578 789 648 ¹,
803 567 860 637 uel
871 565 1002 647 vicarii,
1017 566 1072 635 uel
1087 566 1252 635 auditoris
1269 567 1424 663 scaueris

194 682 282 767 [sich
296 682 355 749 uel
371 680 455 751 alias
467 682 595 750 similes
610 694 633 763 ⁸,
649 682 731 769 quia
746 704 816 748 non
832 694 885 750 est
901 681 1024 763 minor,
1042 681 1111 749 imo
1127 703 1234 749 unum
1254 694 1289 751 et
1301 683 1427 771 viginti

191 819 302 870 annos
317 808 421 866 natus
436 806 457 881 ¹,
476 809 537 874 aut
553 798 644 867 sorte
658 796 812 886 amplius
829 797 963 867 Deinde
975 798 1010 864 in
1023 796 1140 885 specie
1152 820 1279 885 ponere
1292 799 1423 886 predia,

192 933 333 999 pascua,
351 924 435 995 etc.,
453 936 522 982 non
543 922 616 984 erat
632 914 864 983 necessarium
879 922 908 996 ¹¹,
926 934 1005 981 curn
1022 912 1185 981 uniuersa
1202 916 1293 981 bona
1312 913 1419 981 mobi-

188 1029 235 1095 lia
250 1040 287 1096 et
300 1028 486 1098 immobilia
501 1040 537 1100 et
552 1052 590 1099 se
605 1030 780 1097 mouentia
795 1034 1043 1117 comprehensa
1055 1030 1135 1097 sint.
1151 1028 1228 1117 lpse
1240 1030 1343 1099 etiarn
1356 1052 1421 1097 no-

189 1145 298 1213 tarius
312 1145 536 1233 Antuerpiae,
553 1146 725 1217 Bruxellis
740 1158 755 1186 ⁷
770 1157 805 1216 et
821 1146 896 1214 aliis
911 1145 947 1213 in
962 1144 1049 1213 locis
1070 1144 1272 1213 torlocensis
1289 1144 1347 1215 uel
1363 1166 1422 1213 ca·

190 1262 397 1329 merasensis
411 1274 428 1302 ¹
442 1261 589 1330 diocesis
604 1273 708 1329 notus
724 1272 788 1344 est,
806 1260 991 1350 praecipue
1010 1261 1067 1329 ubi
1083 1273 1164 1329 sunt
1187 1260 1335 1348 hispani.
1356 1262 1422 1329 Ta-

191 1399 271 1445 men
288 1377 381 1444 aliud
397 1377 663 1447 instrumentum
677 1377 947 1464 procuratorium
964 1376 1132 1463 mittetur,
1151 1388 1219 1444 tam
1232 1375 1341 1463 ipsius
1355 1379 1422 1444 Pe·
1522 1366 1529 1377 ”

191 1492 234 1558 tri
251 1491 364 1575 Siluii,
382 1515 485 1580 quam
496 1492 619 1583 Jodoci
642 1493 752 1581 Papii,
773 1514 863 1579 quae
878 1503 1108 1581 recognoscet
1125 1490 1247 1579 aliquis
1262 1513 1306 1559 ex
1322 1501 1424 1560 nota·

188 1605 249 1674 riis
264 1606 366 1676 isthic
383 1608 585 1677 notioribus.
603 1610 650 1676 Et
665 1609 710 1677 de
726 1607 877 1695 negotiis
892 1610 1072 1675 hactenus.

257 1724 384 1793 Valent
406 1745 537 1806 omnes,
562 1723 718 1793 Louauio
740 1723 845 1810 missi,
866 1746 928 1810 per
945 1722 1009 1793 Dei
1025 1722 1185 1811 gratiam,
1204 1733 1239 1790 et
1254 1722 1421 1791 orationi-

145 1837 147 1840 ’
189 1841 257 1907 bus
273 1840 317 1907 V.
335 1841 378 1908 R.
395 1839 792 1927 ornnescom1m1endari
813 1838 983 1926 cupimus.

258 1955 436 2042 Temporis
451 1954 621 2043 angustiis
636 1946 780 2036 exclusi,
797 1976 868 2022 non
885 1954 1050 2021 mittimus
1062 1954 1132 2021 duo
1144 1954 1201 2021 illa
1213 1954 1421 2045 instrumen-

190 2080 226 2137 ta
241 2071 503 2157 procurationis
522 2082 637 2140 tarnen
653 2072 698 2139 V.
714 2072 757 2141 R.
774 2070 899 2157 poterit
915 2068 990 2135 aliis
1006 2070 1055 2135 uti
1072 2081 1107 2137 et
1122 2082 1304 2157 expectare
1318 2072 1417 2151 haec,

117 2170 119 2173 ’
187 2196 224 2255 et
247 2198 377 2273 quanto
396 2187 495 2254 ocius
514 2187 639 2274 poterit
664 2185 808 2268 transigi
831 2184 985 2255 uenditio
1005 2186 1172 2252 bonorum
1191 2186 1285 2273 Mag.
1309 2184 1417 2267 Petri,

188 2302 312 2369 melius
326 2314 430 2385 esset,
448 2302 529 2388 quia
548 2302 649 2390 graui
668 2302 764 2383 satis,
782 2300 862 2369 licet
875 2322 943 2367 non
961 2312 1077 2381 acuto,
1093 2300 1211 2367 morbo
1224 2301 1368 2383 laborat3
1384 2311 1419 2367 et

186 2417 218 2484 si
234 2438 324 2506 opus
339 2429 404 2497 est,
422 2417 593 2505 praemitti
609 2429 753 2506 possunt
774 2417 841 2485 alia
864 2416 1104 2497 instrumenta,
1128 2436 1216 2503 quae
1236 2415 1418 2483 mittentur

187 2555 250 2621 per
266 2533 412 2620 primum
430 2532 609 2601 nuncium.

257 2650 336 2718 Hae
357 2649 504 2732 litterae,
527 2671 633 2739 prope
653 2649 820 2719 Leodium
841 2649 1041 2729 mittendae,
1064 2660 1145 2717 sunt
1167 2646 1280 2715 {ratris
1308 2647 1420 2715 nostri

179 2766 231 2855 D.
255 2766 399 2855 Joannis
418 2766 595 2849 Gambari,
618 2777 655 2835 et
675 2764 817 2853 perferri
836 2764 911 2831 ,ad
927 2786 1019 2845 eum,
1038 2763 1096 2831 cui
1111 2763 1323 2846 scribuntur,
1343 2765 1417 2830 vel·
1496 2756 1503 2764 ’

184 2881 267 2949 lem:
286 2882 329 2951 V.
349 2884 405 2962 R„
420 2894 585 2968 quaes02,
603 2880 789 2949 mittendas
805 2892 914 2950 curet.

249 2997 424 3086 Jubileum
440 2996 544 3066 etiam
566 2996 745 3079 mittimus,
764 2999 894 3064 Romae
915 3001 1130 3076 concessum,
1154 2996 1258 3081 quod,
1277 3006 1315 3062 vt
1337 3016 1419 3063 con-

187 3110 316 3192 ueniet,
340 3113 551 3181 conferendo
577 3134 657 3180 cum
681 3110 807 3179 vicario
830 3110 996 3199 episcopi,
1019 3110 1144 3198 poterit
1170 3109 1417 3198 publicandum

185 3248 307 3296 curare
322 3229 368 3295 V.
384 3230 444 3309 R.,
460 3228 490 3297 si
506 3228 564 3295 alii
579 3226 648 3296 non
664 3230 924 3297 anteuerterint.

252 3343 429 3411 Coloniam
446 3342 559 3411 mittat
579 3346 622 3413 V.
640 3346 682 3411 R.
701 3343 851 3412 inclusas
867 3344 1010 3413 litteras.

253 3460 340 3526 Vale
356 3458 391 3524 in
404 3460 495 3545 Xpo.

252 3574 295 3642 28
310 3576 509 3653 Novembre
529 3555 626 3661 15'53.

249 3690 448 3777 inscribite.
464 3690 634 3769 Louanio,
652 3714 712 3778 per
729 3690 753 3758 il
770 3694 810 3759 P.
830 3692 1005 3760 Adriano.

236 3893 250 3932 a
286 3876 393 3934 fuisset
411 3896 467 3939 ms.
515 3894 562 3922 —r
580 3879 724 3951 praetoris
743 3896 799 3939 ms.
845 3895 892 3922 -ι
910 3878 1016 3934 similis
1035 3894 1091 3937 mr.
1135 3890 1179 3921 -t
1196 3870 1303 3949 uingiti
1323 3890 1416 3933 anuos
1536 3884 1539 3891 '

180 3966 259 4023 natis
272 3984 328 4022 ma.
362 3968 663 4053 junecessarioms.
702 3984 751 4010 -v
762 3968 959 4040 Antuerplrie,
972 3968 1109 4025 Bruxelis
1119 3984 1175 4026 ms.
1214 3982 1264 4011 -τ
1278 3965 1415 4038 Sic;sor-

179 4061 209 4113 te
218 4056 380 4129 legendum
393 4057 433 4111 sit
446 4056 630 4113 tornacensis
643 4059 691 4113 vel
704 4058 931 4115 cameracensis.
970 4072 1019 4113 -t
1038 4054 1169 4129 perferre
1183 4073 1237 4114 ms.
1278 4070 1325 4098 -ι
1343 4070 1416 4129 que·

181 4163 289 4202 soma.
