3567 5409
407 444 461 502 704
789 431 995 488 Monunrnrr
1015 433 1195 488 1311111111

367 586 427 654 del
444 585 512 652 mal
529 587 631 652 modo
646 583 703 652 ch’
716 588 851 653 haueua
864 596 987 653 tenuto
997 587 1055 654 nel
1067 607 1237 674 gouemo‚
1252 585 1281 652 si
1293 583 1484 653 scorroccio
1495 587 1541 653 V.
1555 587 1600 652 R.

367 703 416 770 de
431 702 478 767 tal
494 711 599 782 sorte,
618 703 684 768 che
700 700 860 770 afsaticha
875 702 909 768 la
924 723 1001 769 sera
1016 701 1051 767 vi
1072 703 1110 768 fu
1126 701 1246 770 ordine
1262 703 1307 770 de
1323 701 1412 768 fatui
1432 703 1555 788 parlar.

438 815 491 884 2⁸
537 819 584 886 Se
599 817 737 902 quando
753 817 850 886 detto
866 819 979 887 Padre
995 817 1229 886 commissario
1246 816 1280 883 ui
1301 816 1474 886 denuncio
1488 817 1520 885 la
1537 837 1601 882 vo-

370 933 467 1000 lunta
483 933 527 1001 de
543 934 587 1001 N.
607 933 647 999 P.
667 954 729 1019 per
751 933 857 1000 andar
873 954 893 1000 a
916 934 1086 1020 Bologna‚
1109 933 1247 1001 etiame
1267 953 1352 1000 uero
1370 934 1436 999 che
1452 932 1486 998 ui
1507 953 1601 999 scor·

369 1047 527 1116 rocciasti
548 1049 593 1116 de
612 1059 704 1116 sorte
726 1051 791 1116 che
812 1047 870 1134 piri
890 1070 960 1114 non
981 1051 1108 1117 hauete
1134 1050 1253 1115 voluto
1273 1069 1416 1116 mouere
1436 1070 1482 1114 uo
1503 1047 1605 1134 piede

370 1185 430 1250 per
450 1163 613 1252 aggiutar
636 1186 656 1231 a
676 1167 880 1252 sgombrare
900 1175 936 1232 et
957 1164 1154 1242 transierim
1174 1165 1208 1232 13
1227 1166 1312 1232 roba
1333 1165 1378 1231 al’
1401 1165 1489 1232 altra
1508 1183 1603 1244 casa,

367 1281 492 1347 stando
509 1290 598 1347 tutto
615 1279 638 1346 11
654 1280 778 1366 giorno
801 1301 907 1348 sanza
927 1281 1061 1366 parlare
1081 1303 1102 1347 a
1123 1301 1269 1366 persona
1289 1301 1327 1347 se
1347 1301 1417 1346 non
1432 1282 1604 1346 sforzata·

368 1406 495 1464 mente.

437 1509 490 1595 3?
537 1513 583 1580 Se
598 1511 761 1579 hauendo
777 1522 971 1598 prouenuto
990 1509 1015 1575 il
1032 1511 1143 1578 Padre
1164 1509 1398 1577 commissario
1413 1511 1460 1578 V.
1478 1511 1520 1577 R.
1537 1513 1604 1577 che

367 1626 522 1714 pigliasti
543 1628 674 1694 licenza
691 1647 756 1694 con
777 1627 834 1695 bel
857 1628 959 1694 modo
974 1629 1009 1692 d’
1027 1625 1143 1694 alcuni
1163 1626 1276 1707 amici,
1301 1627 1416 1693 dando
1435 1647 1603 1711 speranza

363 1742 424 1811 del
442 1754 590 1823 tornare,
610 1744 738 1811 hauete
753 1742 883 1828 parlato
906 1763 972 1809 con
988 1743 1122 1829 sdegno
1146 1751 1267 1809 contra
1280 1741 1343 1823 lui,
1364 1741 1513 1809 dicendo
1534 1741 1603 1808 che

367 1858 417 1925 lui
432 1858 465 1925 ui
483 1859 606 1926 leuaua
622 1857 656 1924 di
670 1859 830 1938 Modena,
844 1859 1078 1944 perturbando
1094 1859 1118 1922 l’
1132 1858 1245 1925 anime
1256 1859 1331 1924 loro
1346 1866 1468 1924 contra
1484 1855 1519 1923 di
1538 1855 1599 1924 lui.

435 1975 484 2058 4⁸
530 1977 566 2044 S’
591 1973 708 2044 haueti
726 1974 822 2041 detto
846 1976 914 2041 mal
933 1974 967 2040 di
988 1973 1049 2054 lui,
1076 1975 1247 2041 toccando
1267 1973 1401 2053 defetti,
1425 1993 1526 2040 come
1545 1994 1602 2039 sa-

364 2091 472 2159 rebbe
494 2093 559 2157 che
580 2090 662 2157 fossi
686 2101 899 2176 somptuoso,
926 2089 1086 2170 delicato,
1107 2101 1192 2172 etc.;
1214 2103 1251 2156 et
1266 2111 1287 2156 a
1302 2100 1432 2175 quante
1457 2109 1602 2175 persone

367 2207 390 2270 l'
410 2206 527 2274 haueti
540 2208 649 2275 detto.

434 2319 487 2405 5.⁸
532 2323 569 2391 S’
588 2323 606 2388 ὲ
624 2343 707 2390 uero
723 2324 778 2388 ch’
798 2343 842 2390 ue
859 2321 1000 2408 partesti
1022 2321 1193 2407 sdegnato
1213 2343 1275 2408 per
1298 2322 1457 2408 Bologna
1480 2333 1517 2388 et
1532 2341 1602 2386 non

361 2435 486 2504 dicesti
503 2436 605 2504 aDio
622 2457 641 2503 a
662 2457 826 2518 nessuno,
852 2457 890 2503 se
906 2459 976 2504 non
993 2459 1013 2503 a
1030 2437 1174 2516 Lazaro,
1192 2440 1257 2524 che
1277 2437 1312 2503 ui
1333 2437 1481 2524 aggiutd
1501 2457 1521 2502 a
1540 2457 1600 2502 ca·

368 2553 518 2621 ualcare.

433 2669 466 2736 Α
482 2678 573 2737 tutte
589 2679 710 2753 queste
727 2689 807 2736 cose
823 2670 903 2738 uole
920 2671 965 2736 N.
986 2671 1025 2736 P.
1045 2667 1207 2755 risponda
1223 2668 1267 2736 V.
1287 2669 1343 2747 R..
1366 2680 1402 2735 et
1419 2669 1510 2734 ueda
1529 2667 1601 2754 pri·

365 2804 421 2849 ma
433 2783 477 2852 de
492 2783 713 2866 confessarsi,
728 2795 763 2851 et
779 2785 835 2870 poi
852 2785 1004 2853 scriuerd
1021 2784 1058 2850 in
1074 2785 1176 2850 modo
1188 2786 1254 2852 che
1269 2783 1299 2851 si
1314 2783 1455 2852 intenda
1471 2785 1506 2850 13
1516 2803 1598 2850 cosa

360 2919 464 2966 come
478 2899 565 2967 lasta
583 2901 629 2987 [ld
644 2904 715 2966 sto?
730 2900 868 2986 bosta?],
886 2922 956 2966 non
973 2901 1145 2987 coprendo
1162 2900 1186 2965 li
1201 2899 1329 2987 proprii
1346 2899 1435 2980 fatti,
1459 2899 1503 2967 ne
1521 2919 1602 2965 scu·

363 3014 508 3095 sandoli,
527 3037 582 3082 ma
598 3015 867 3101 simplicemente
883 3014 1067 3097 dicendoli;
1086 3026 1120 3084 et
1137 3026 1244 3102 tenga
1259 3027 1355 3084 certo
1370 3018 1437 3082 che
1453 3015 1511 3082 chi
1527 3037 1599 3083 non

364 3151 549 3198 reconosce
565 3130 624 3197 tali
642 3129 724 3212 falli,
744 3151 787 3198 no
804 3131 994 3200 solamente
1010 3153 1078 3198 non
1096 3133 1114 3198 ὲ
1131 3140 1205 3197 atto
1220 3131 1265 3197 ad
1281 3132 1392 3199 hauer
1403 3153 1489 3198 eura
1501 3129 1535 3198 d’
1546 3133 1601 3198 al·

366 3245 446 3326 trui,
465 3268 521 3312 ma
537 3247 580 3313 nd
596 3248 707 3315 anche
721 3269 742 3314 a
758 3259 831 3314 star
846 3246 882 3313 in
898 3246 1183 3334 congregatione,
1201 3249 1293 3316 douc
1307 3246 1336 3313 si
1356 3248 1492 3333 guarda
1510 3247 1602 3316 bene

364 3360 387 3426 1¹
406 3360 615 3431 obedientia.
644 3360 711 3429 Chi
739 3362 770 3430 la
798 3363 932 3449 guardo
952 3362 1054 3429 insin'
1079 3361 1145 3429 3113
1166 3373 1276 3429 morte
1296 3364 1317 3427 1’
1339 3361 1495 3448 imprima
1515 3361 1598 3431 nelli

360 3475 461 3542 cuori
477 3475 599 3544 nostri.
620 3479 732 3544 Arnen
747 3479 772 3544 ¹.

430 3594 484 3659 De
500 3595 610 3660 Roma
632 3593 669 3659 18
686 3593 730 3660 de
747 3594 947 3660 Nouembre
966 3609 1064 3678 1553.

430 3711 628 3794 inscriptio.
649 3709 716 3775 Per
731 3709 755 3774 11
773 3711 878 3779 Mtro.
897 3710 1056 3790 Cessare,
1074 3709 1109 3776 in
1129 3710 1214 3800 [sict

366 3847 577 3857 -.--.-...--

416 3915 427 3948 ⁸
464 3914 608 3970 Videatur
621 3914 807 3987 POLANCUS,
823 3913 948 3980 Chron„
962 3915 1017 3988 111,
1033 3929 1083 3986 154
1096 3925 1127 3972 et
1143 3916 1203 3986 158.
