3567 5409
532 465 637 525 Ense.
656 463 811 536 3855.-24
829 461 1084 536 Ocronurs1553
1142 476 1148 486 ·
1337 464 1390 533 617

187 628 384 688 strumento
400 619 444 686 ad
460 619 599 705 aliquod
610 620 739 688 bonum
752 641 840 706 opus
852 619 904 686 uti
917 619 1004 686 uult.
1018 618 1146 688 Missus
1157 617 1222 686 fuit
1233 638 1313 686 curn
1327 617 1425 694 uiati-

185 752 246 816 co,
264 753 334 800 non
355 733 572 802 mediocriter
592 734 626 802 id
646 745 826 822 exoptans,
852 745 891 802 ut
914 756 970 803 res
992 756 1074 802 suas
1089 746 1323 821 componeret,
1345 754 1426 801 cum

188 871 252 936 per
267 860 401 936 pestem
415 849 539 920 liceret
555 851 735 920 Coloniam
758 852 934 933 accedere,
958 863 1077 940 postea
1100 871 1297 919 recessurus
1317 849 1425 918 Vien-

188 987 284 1048 nam,
310 977 371 1032 aut
394 966 462 1034 alio
484 967 515 1035 si
537 967 717 1041 uidebitur¹
735 969 779 1037 V.
806 971 847 1038 R.
873 968 966 1039 Satis
988 971 1163 1038 moderate
1186 967 1265 1036 tulit
1285 989 1425 1036 suorum

189 1093 354 1150 mortem.

257 1197 329 1284 Qui
350 1199 465 1268 literas
491 1213 625 1270 uestras
646 1200 737 1283 tulit,
760 1223 840 1269 cum
862 1221 933 1269 uno
953 1204 1012 1270 uel
1034 1202 1142 1270 altero
1163 1199 1219 1270 die
1245 1202 1340 1288 apud
1360 1222 1425 1268 nos

189 1313 326 1395 fuisset,
350 1314 453 1382 alicui
472 1337 515 1383 ex
535 1316 654 1385 amicis
669 1317 795 1414 nostris
810 1318 1071 1386 commendatus
1092 1318 1157 1384 tuit
1179 1328 1217 1386 ut
1237 1306 1426 1385 conficeret

185 1449 254 1496 sua
282 1432 433 1516 negotia.
460 1432 624 1500 Animum
648 1434 692 1501 ad
720 1433 922 1522 religionem
949 1434 1060 1502 sancti
1087 1432 1262 1506 Francisci
1288 1433 1424 1502 uidetur

184 1545 371 1616 adiecisse.
388 1547 526 1636 Dirigat
542 1571 622 1618 eum
637 1550 820 1619 Dominus,

258 1662 398 1748 Aliqua,
413 1685 503 1750 quae
518 1665 563 1731 ad
578 1665 763 1752 collegium
779 1679 936 1733 nostrum
950 1665 1134 1753 pertinent,
1152 1688 1214 1752 per
1229 1666 1424 1751 exemplum

186 1777 382 1860 literarum,
399 1801 486 1866 quas
501 1780 600 1848 mitto
616 1782 660 1848 ad
676 1783 717 1848 P.
737 1781 930 1850 Adrianum
942 1784 968 1862 ⁸,
986 1782 1172 1871 intelliges.

260 1894 399 1964 Interim
419 1896 632 1965 orationibus
652 1897 695 1963 V.
720 1899 763 1968 R.
785 1898 971 1984 plurimum
992 1899 1224 1966 commendari
1251 1897 1420 1984 cupimus.

187 2009 280 2078 Vale
296 2010 333 2078 in
349 1998 416 2078 X.⁰

259 2128 390 2196 Romae
406 2145 450 2212 24
465 2129 630 2196 Octobris
650 2145 750 2215 1553.

261 2241 457 2328 Inscriptio.
476 2241 631 2312 Colonia.
652 2247 720 2312 Pro
736 2248 830 2332 Mag.
851 2244 1031 2314 Leonardo
1047 2246 1181 2313 Kessel.

758 2425 864 2506 ³855
1061 2501 1063 2505 ,

510 2561 649 2633 ratur
672 2565 886 2634 Nicotno
911 2566 1098 2654 LANOJO

593 2709 681 2754 nona
695 2710 730 2768 24
742 2709 903 2756 ocronurs
917 2697 1022 2768 1553·.

183 2811 324 2882 Acceptis
333 2812 445 2868 titteris
457 2815 626 2885 respondet.
636 2813 710 2870 -De
722 2813 811 2870 sociis
821 2815 1032 2872 viennensibus
1046 2815 1176 2870 Romam
1187 2817 1354 2886 perventis:
1365 2814 1426 2870 atii

241 2904 466 2974 exspectantur.
480 2902 647 2976 -lnjuugit
667 2907 711 2967 ut,
729 2906 756 2960 si
769 2903 923 2976 hispanos,
941 2904 1119 2959 litterarum
1136 2905 1247 2959 studiis
1259 2905 1426 2973 destitutos,

241 2991 414 3058 admiserit,
429 2992 513 3064 apud
524 3008 555 3046 se
568 2992 713 3058 retineat·
727 2991 869 3056 Romam,
884 2991 947 3047 nisi
957 2992 1116 3048 admonito
1129 2997 1157 3047 et
1163 2992 1311 3065 probante
1330 2992 1425 3066 Igna·

241 3080 296 3142 tio,
311 3095 347 3135 ne
361 3080 477 3138 mittat.
485 3079 564 3135 -De
576 3079 704 3154 collegio
717 3080 862 3136 leodiensi
866 3080 1015 3152 .-Optat
1027 3085 1062 3136 ut
1074 3080 1217 3136 Caninius
1225 3081 1423 3140 convalescet.

242 3167 411 3224 -Lainius
427 3169 567 3226 Genuam
586 3169 698 3226 adivit.-
711 3170 878 3242 theologiae
898 3169 991 3226 libros
1003 3187 1025 3225 a
1036 3187 1067 3226 se
1079 3172 1274 3226 mecinnatos
1292 3168 1425 3230 misit.-

243 3257 367 3317 Gaudet
388 3259 425 3314 de
442 3263 590 3332 potestate
606 3277 627 3313 a
646 3259 846 3315 Ferdinando
860 3259 878 3314 l
887 3258 978 3332 saeta
991 3261 1033 3314 ad
1042 3261 1267 3333 permutandos
1284 3262 1425 3316 socios.-

244 3346 377 3402 Litterae
389 3349 518 3404 nuntiae
537 3349 579 3402 art
592 3348 770 3404 adrianum
784 3349 1120 3404 memorantem-Post
1131 3350 1290 3420 scriptum.
1305 3349 1351 3406 De
1366 3351 1424 3406 Su-

241 3435 330 3491 niani
342 3439 520 3492 testamento
530 3441 559 3493 et
570 3436 738 3494 ScloricMi
752 3437 882 3510 negotio.
1381 3423 1386 3432 ¹

259 3563 336 3629 Pax
352 3559 409 3631 X.i

257 3675 470 3745 Charissimo
488 3680 612 3748 Padrc.
633 3676 867 3746 Riceuessimo
883 3678 998 3764 quelle
1010 3677 1046 3744 di
1063 3696 1104 3745 22
1122 3677 1181 3766 [et]
1204 3679 1245 3746 28
1267 3679 1302 3745 d'
1326 3680 1422 3766 Ago·
1462 3656 1465 3663 ’

184 3803 255 3872 sto,
281 3811 303 3876 4
324 3803 397 3881 et9
423 3793 458 3860 di
477 3794 693 3881 Septembre,
715 3795 781 3861 che
802 3793 833 3858 ci
855 3803 1022 3880 portorno
1039 3793 1050 3860 i
1067 3793 1191 3860 fratelli
1209 3794 1361 3860 mandati
1378 3796 1421 3862 da

185 3909 232 3975 V.
248 3909 291 3977 R.
311 3909 355 3976 Et
371 3919 501 3996 quanto
518 3931 539 3976 a
554 3909 578 3976 li
594 3921 645 3977 tre
661 3909 773 3996 primi,
791 3907 924 3977 Gionas
940 3911 953 3942 ³
969 3909 1001 3976 ci
1018 3909 1036 3976 ὲ
1053 3908 1236 3996 aggiutato
1254 3932 1297 3978 ne
1314 3911 1346 3977 la
1357 3931 1422 3976 sua

184 4035 316 4108 mente3
335 4036 371 4092 et
386 4023 535 4093 rinouati
550 4025 626 4093 suoi
643 4025 744 4109 uotti,
761 4025 792 4092 ci
810 4025 828 4092 ὲ
846 4025 1009 4092 mandato
1025 4027 1056 4092 al
1073 4024 1221 4112 collegio
1234 4025 1329 4093 accio
1345 4037 1421 4093 stu-

183 4139 233 4206 dii
250 4139 375 4228 logica,
390 4141 629 4208 cominciando
645 4142 700 4208 dal
716 4143 867 4210 secondo
888 4162 991 4209 anno.
1012 4143 1161 4210 Hermes
1177 4142 1204 4222 ⁸,
1228 4142 1361 4210 bencht
1383 4164 1421 4209 sa

239 4347 252 4379 ³
290 4344 367 4402 Vide
379 4345 535 4420 epistolem
548 4345 630 4418 3852.

243 4511 250 4542 ¹
289 4507 334 4561 Ex
347 4505 448 4564 codice
462 4507 617 4582 Reperti,
632 4507 682 4564 iol.
694 4523 760 4578 45v.

242 4601 252 4632 ¹
292 4597 383 4667 Jonas
397 4597 535 4656 Adlerus.

240 4687 252 4717 ³
291 4685 434 4742 «Hermes
446 4685 646 4745 Cerinthlusn
662 4687 842 4756 PotnuctJS,
859 4684 987 4757 Cicron„
998 4684 1057 4755 111,
1072 4684 1135 4754 253.
