3567 5409
1055 436 1262 493 Eprsr.
1305 433 1672 504 3901.-5-11
1720 433 2096 490 Novmmnrs
2138 431 2276 502 1553
2668 433 2774 500 685

372 590 619 656 ordina
653 591 743 656 N.
782 591 864 658 P.
903 587 1014 654 ch'
1046 588 1113 654 io
1145 587 1376 656 mandi
1409 589 1539 654 alla
1574 589 1657 653 R.
1695 589 1783 656 V.
1815 589 1881 656 le
1914 588 2157 656 lettere
2190 585 2503 673 originali
2537 585 2605 653 di
2638 588 2846 671 quelli

371 707 509 773 che
541 705 865 772 scriuono
896 726 1096 791 sopra
1129 704 1260 774 cio.
1302 707 1416 772 Ma
1447 703 1504 770 si
1537 703 1780 771 ordina
1812 704 1942 770 alla
1975 705 2059 770 R.
2099 705 2188 770 V.
2237 705 2366 772 che
2411 725 2550 770 non
2586 702 2699 769 dia
2738 724 2846 772 se—

370 843 517 908 gno
546 821 617 887 di
650 823 866 888 hauet
900 821 1078 887 visto
1110 822 1299 889 dette
1331 823 1597 902 lettere,
1632 819 2124 906 aggiutandosi
2155 818 2222 885 di
2259 820 2487 904 quello
2522 821 2651 888 che
2676 839 2806 885 con
2826 860 2842 868 -

372 951 687 1025 tengono
719 959 841 1023 per
871 958 1243 1004 conoscere
1277 936 1321 1002 li
1356 933 1654 1005 humori.
1693 937 1780 1002 Et
1814 935 2040 1020 quella
2073 938 2203 1003 che
2238 945 2445 1002 tratta
2475 935 2655 1003 della
2689 956 2846 1021 per-

369 1075 542 1119 sona
572 1053 661 1120 de
693 1055 783 1120 V.
822 1054 902 1119 R.
944 1052 1095 1119 sera
1131 1054 1265 1120 ben
1298 1050 1714 1119 stracciarla:
1751 1063 1824 1119 et
1872 1072 2007 1117 non
2059 1052 2152 1117 ha
2196 1052 2365 1117 fatto
2397 1049 2514 1137 piu
2559 1050 2842 1138 impres-

369 1167 566 1236 sione
591 1168 662 1235 di
697 1190 856 1253 qua,
893 1168 963 1234 di
998 1169 1223 1253 quella
1255 1171 1390 1235 che
1422 1166 1664 1236 merita
1693 1189 1787 1232 vn
1822 1177 2111 1246 tentam,
2148 1168 2276 1234 che
2310 1166 2535 1233 scriue
2568 1167 2846 1233 confor-

369 1306 478 1352 me
510 1285 580 1350 al
610 1282 852 1370 spirito
882 1284 970 1350 de
1002 1305 1128 1350 sua
1164 1282 1562 1352 tentatione.
1604 1283 1693 1348 Et
1707 1283 1808 1348 ·V.
1847 1284 1927 1348 R.
1960 1304 2085 1369 per
2110 1292 2353 1366 queste
2378 1304 2419 1350 e
2444 1280 2664 1350 simile
2688 1302 2850 1348 cose

365 1421 507 1467 non
539 1398 815 1465 manchi
847 1401 935 1468 de
966 1401 1187 1465 bauer
1218 1420 1386 1465 cura
1417 1398 1507 1466 de
1551 1419 1676 1464 sua
1720 1396 1944 1464 sanita
1973 1396 2045 1463 in
2078 1397 2287 1463 modo
2329 1399 2483 1478 che,
2520 1396 2576 1462 si
2619 1398 2754 1464 ben
2790 1396 2846 1464 si

369 1515 856 1583 condescenda
887 1516 1018 1581 alla
1053 1514 1353 1601 fragilita
1379 1514 1467 1581 de
1492 1512 1693 1580 simili
1718 1525 1747 1552 ²
1770 1534 2089 1599 persone,
2121 1535 2255 1579 non
2284 1512 2384 1581 sia
2406 1512 2476 1578 in
2503 1533 2669 1580 cosa
2694 1534 2850 1599 pre-

359 1631 679 1716 juditiale
721 1632 852 1697 alla
894 1630 1142 1713 sanita,
1197 1633 1396 1716 quale
1448 1652 1568 1717 per
1615 1631 1678 1697 el
1724 1629 1967 1696 diuino
2009 1628 2292 1696 seruitio
2337 1627 2676 1696 conuiene
2724 1628 2842 1715 piu

366 1767 785 1813 conseruare
818 1748 949 1813 che
981 1769 1205 1814 serrat
1240 1748 1303 1812 13
1336 1747 1552 1812 bocca
1582 1769 1624 1812 a
1655 1766 1949 1832 persone
1980 1744 2210 1819 simili.
2263 1745 2309 1810 il
2358 1748 2490 1813 che
2538 1746 2578 1810 e
2628 1744 2850 1810 molto

366 1861 651 1929 difficile

503 1978 707 2044 Circa
756 1981 963 2047 Mtro.
1003 1977 1308 2044 Adriano
1349 1981 1395 2011 ²⁰
1430 1979 1518 2043 V.
1560 1980 1641 2044 R.
1683 1976 1902 2044 faccia
1934 1999 2134 2043 como
2183 1976 2436 2063 meglio
2482 1975 2527 2041 li
2578 1980 2842 2062 parera.

364 2096 589 2181 Spero
623 2096 1030 2161 haueranno
1067 2105 1296 2180 presto
1326 2093 1522 2160 auiso
1554 2094 1664 2159 del
1701 2093 1925 2161 Padre
1960 2092 2374 2178 prouintiale
2414 2095 2456 2126 ¹¹
2494 2094 2581 2159 de
2606 2092 2850 2159 Genu-

374 2231 491 2291 ua,
530 2232 605 2278 se
641 2213 830 2278 serra
861 2211 1049 2275 bono
1083 2210 1240 2294 quel
1273 2230 1428 2274 area
1463 2231 1582 2295 per
1614 2208 1736 2274 lui.
1951 2204 1958 2210 ’

512 2327 565 2392 Il
597 2326 772 2392 libro
805 2325 963 2394 delli
999 2323 1345 2392 Essercitii
1382 2324 1678 2394 mandai.

507 2441 687 2510 Delli
723 2440 838 2507 doi
870 2439 1192 2525 scholari,
1230 2443 1361 2507 che
1387 2439 1712 2526 vogliono
1736 2439 1996 2508 intrare
2022 2439 2092 2505 in
2121 2439 2414 2506 Modena
2440 2438 2510 2504 in
2545 2438 2609 2503 13
2636 2438 2842 2505 Com-

370 2556 649 2645 pagnia‚
687 2558 861 2624 seria
907 2554 1294 2624 necessario
1327 2554 1444 2640 piu
1486 2554 1856 2642 particular
1901 2554 2409 2633 informatione,
2464 2552 2838 2620 hauenduli

369 2675 461 2742 V.
499 2675 583 2739 R.
624 2671 994 2740 examinati
1029 2694 1071 2737 o
1105 2672 1276 2737 fatto
1307 2671 1680 2753 examinar;
1718 2681 1787 2735 et
1820 2668 2047 2736 insino
2077 2669 2291 2735 allora
2324 2691 2460 2734 non
2497 2668 2553 2734 si
2599 2670 2735 2754 puo
2770 2668 2838 2732 di

371 2813 508 2876 qua
543 2790 645 2855 far
677 2787 1080 2854 risolutione
1113 2788 1381 2853 alcuna.

509 2905 661 2971 Con
715 2914 962 2989 questo
1024 2905 1116 2969 ho
1174 2903 1344 2968 fatto
1394 2900 1683 2988 risposta
1733 2925 1771 2967 a
1820 2902 2047 2985 quelle
2094 2901 2181 2968 de
2239 2920 2315 2985 13
2362 2913 2432 2967 et
2482 2918 2567 2983 27
2615 2902 2703 2967 de
2740 2904 2842 2968 O-

370 3023 634 3087 ctobre.

504 3135 994 3203 Vltimamente
1028 3134 1475 3201 riceuessimo
1508 3156 1642 3199 vna
1674 3134 1762 3202 de
1796 3136 1884 3201 V.
1924 3136 2005 3200 R.
2046 3133 2133 3200 de
2168 3151 2245 3216 31
2285 3133 2396 3200 del
2432 3143 2735 3218 passatO,
2774 3144 2842 3200 et

370 3273 495 3339 per
530 3252 757 3336 quella
792 3251 1282 3319 intendessimo
1314 3251 1400 3317 de
1444 3249 1510 3315 13
1556 3270 1716 3316 casa
1750 3261 2044 3327 trouata,
2099 3249 2187 3314 de
2231 3247 2345 3314 cui
2394 3247 2736 3314 comodita
2782 3248 2842 3312 ci

379 3350 884 3454 rallegrassimo
918 3368 1029 3432 nel
1057 3365 1312 3452 Signor
1342 3376 1607 3431 nostro,
2063 3351 2073 3363 ⁸

509 3484 638 3551 Del
673 3481 1007 3569 predicar’
1045 3503 1134 3546 vn
1169 3481 1523 3548 sacerdote
1557 3503 1596 3546 a
1621 3491 1820 3546 santo
1847 3478 2197 3547 Vincenso
2221 3490 2289 3546 et
2314 3480 2489 3545 altro
2516 3480 2647 3546 alle
2672 3499 2838 3545 con*-

367 3599 648 3679 uertite,
685 3609 755 3666 et
786 3597 966 3665 cossi
1004 3599 1221 3663 anche
1253 3596 1320 3660 di
1355 3606 1642 3663 mettere
1678 3616 1767 3659 vn
1802 3595 2160 3661 confessor
2192 3593 2261 3683 in
2297 3591 2340 3659 l'
2376 3616 2508 3660 vna
2543 3604 2737 3680 parte
2770 3608 2834 3657 et

361 3717 535 3782 altro
569 3716 637 3780 in
671 3716 716 3779 l’
754 3715 925 3779 altra
957 3711 1009 3792 b,
1048 3714 1135 3778 N.
1180 3716 1258 3778 Ρ.
1297 3711 1352 3777 si
1390 3710 1659 3778 rimette
1691 3712 1825 3776 alla
1857 3713 1939 3778 R.
1980 3711 2098 3789 V.‚
2134 3721 2203 3776 et
2238 3712 2460 3776 anche
2492 3710 2563 3776 di
2590 3709 2691 3776 far
2717 3733 2834 3776 ve*

363 3831 494 3896 nir'
532 3830 578 3895 il
631 3828 1148 3913 Buoninsegna;
1196 3849 1304 3891 ma
1352 3829 1441 3892 de
1485 3826 1769 3891 mandat
1818 3826 1929 3891 doi
1969 3825 2362 3891 coadiutori
2410 3847 2526 3911 per
2557 3824 2846 3893 seruitio

365 3969 504 4014 non
536 3946 595 4013 si
631 3947 791 4032 pub,
831 3944 1078 4029 perche}
1114 3942 1173 4008 ci
1211 3964 1544 4009 mancano
1578 3942 1619 4006 li
1649 3941 2016 4008 necessarii
2042 3941 2112 4006 in
2140 3943 2377 4008 Roma.
2413 3943 2498 4008 V.
2533 3944 2613 4008 R.
2646 3944 2838 4028 poti-{1

365 4064 491 4128 far'
531 4084 662 4127 vna
697 4063 784 4126 de
817 4062 952 4127 due
986 4082 1168 4126 cose.
1212 4061 1308 4126 La
1345 4058 1585 4144 prima,
1624 4061 1905 4124 acettar'
1948 4079 2063 4143 per
2098 4057 2379 4158 seruitio
2412 4057 2665 4138 alcuni,
2716 4060 2846 4124 che

473 4265 502 4292 ι
576 4249 769 4304 simile
800 4266 910 4304 ms,
990 4250 1092 4290 ——b
1132 4248 1283 4301 altro
1310 4264 1421 4303 τηε.

363 4403 531 4473 dent,
559 4402 719 4456 aliud
749 4402 926 4474 [Deo]
949 4400 1141 4456 visum
1179 4408 1293 4466 est,
1333 4399 1433 4470 qui
1461 4399 1538 4452 ab
1583 4399 1691 4452 hac
1731 4397 1852 4452 vita
1890 4414 2023 4452 eum
2065 4398 2427 4455 revocavit.»
2478 4399 2842 4464 POLANCU5‚

367 4490 634 4554 Chron„
667 4491 768 4563 111,
803 4489 926 4559 153.

478 4583 521 4615 '⁰
599 4580 894 4634 Adrianus
922 4578 1247 4635 Candidus·

473 4671 512 4704 ¹¹
593 4671 852 4737 jacobus
884 4669 1142 4723 Lainius.
