3567 5409
434 471 487 528 700
816 461 1023 519 Monnunm
1042 461 1223 518 leonum

399 613 600 700 disposition
618 615 662 682 de
683 636 725 681 su
742 614 970 701 prouidentia,
991 636 1058 682 con
1079 635 1147 700 que
1168 619 1217 682 asi
1234 637 1278 683 en
1294 615 1347 680 los
1368 633 1534 680 successos
1555 613 1616 679 ad·

402 750 520 798 uersos
536 751 635 796 como
650 752 695 798 en
710 731 762 796 los
778 735 960 818 prosperos
976 752 1040 798 nos
1055 751 1204 818 procura
1215 730 1365 816 siempre
1376 727 1565 796 occasione.-
1575 730 1621 794 de

400 845 596 929 ayudarnos
612 852 632 912 i
648 845 831 932 conseguir
849 857 989 912 nuestra
1004 845 1323 914 bienauenturanza
1339 868 1363 930 y
1381 843 1528 914 felicidad
1540 867 1621 932 per-

400 969 518 1047 petua.

467 1078 519 1143 En
536 1088 610 1144 esta
626 1098 705 1166 casa
721 1099 743 1164 y
759 1077 907 1164 collegio
923 1088 1065 1146 nuestro
1081 1087 1237 1146 tenemos
1252 1077 1364 1159 saiud3
1382 1100 1406 1163 y
1421 1081 1469 1143 asi
1480 1088 1619 1144 cunetas

401 1212 499 1258 como
520 1215 563 1262 en
585 1194 637 1259 las
660 1203 752 1260 otras
773 1203 887 1279 partes
910 1195 1001 1262 lleua
1024 1193 1110 1262 Dios
1130 1195 1175 1260 N.
1198 1195 1236 1262 S.
1259 1194 1419 1262 adelante
1441 1214 1519 1279 yse
1535 1192 1623 1260 sitne

400 1309 497 1377 desta
514 1308 655 1376 minima
672 1310 875 1396 Componia,
894 1330 963 1394 que
979 1303 1114 1378 toda'es
1130 1309 1174 1377 de
1190 1310 1235 1376 V.
1255 1310 1310 1388 E.,
1325 1331 1348 1394 y
1363 1314 1442 1377 sera
1456 1307 1624 1394 siemptet

400 1423 510 1511 gloria
527 1425 570 1491 de
593 1446 635 1491 su
651 1423 769 1492 diuina
789 1425 967 1512 majaetad3
991 1431 1011 1492 έι
1032 1425 1137 1510 quien
1158 1425 1261 1512 plega
1273 1425 1409 1491 darnos
1429 1429 1449 1490 i
1470 1424 1561 1490 todos
1581 1445 1623 1489 su

401 1539 518 1626 gracia
533 1540 707 1626 cumplida
722 1561 805 1627 para
821 1562 888 1628 que
908 1561 950 1608 su
972 1539 1149 1607 santisima
1169 1539 1336 1607 voluntati
1356 1538 1504 1625 siemprc
1522 1537 1623 1604 sinta-

400 1675 486 1736 moS,
503 1677 527 1742 y
543 1657 676 1742 aqueila
692 1657 963 1742 perfectamente
979 1657 1203 1743 cumplamos.

465 1769 519 1840 De
536 1773 644 1838 Roma
664 1787 703 1854 17
720 1771 764 1839 de
780 1771 993 1841 Nouiembre
1009 1787 1109 1857 1553.

465 1889 497 1954 A
513 1893 622 1974 tergo,
638 1887 756 1954 eadem
773 1909 893 1954 manu.
913 1886 1023 1974 Copia
1038 1889 1082 1954 de
1097 1909 1166 1954 vna
1179 1909 1262 1974 para
1278 1887 1448 1955 Madama.

932 2085 1024 2166 3913
1048 2082 1096 2139 ¹³¹⁸

730 2227 1015 2294 MARGARITA
1039 2227 1312 2296 AUSTRIACA

674 2359 814 2414 PATRI
846 2357 1046 2417 IGNATIO
1079 2361 1137 2416 DE
1170 2358 1357 2419 LOYOLA

530 2553 533 2558 Ι
789 2490 899 2534 pinni
920 2478 1123 2544 161nnunn11
1147 2477 1249 2546 1552&

610 2595 659 2650 Ad
671 2587 841 2666 superiores
854 2593 975 2668 Ignatii
987 2593 1107 2650 litteras
1119 2591 1253 2666 officiosa
1264 2593 1430 2666 responsio.

464 2720 653 2782 Reuerendo
668 2721 760 2781 Mtro.
780 2723 911 2799 Ignatio.

462 2829 509 2888 La
523 2830 633 2888 lettera
642 2837 748 2889 vostra
763 2830 792 2888 ci
807 2829 825 2888 ὲ
840 2837 919 2889 stata
933 2829 968 2888 di
981 2829 1077 2890 molta
1092 2830 1307 2890 consolatione
1325 2845 1383 2904 per
1400 2829 1516 2888 hauere
1536 2828 1634 2886 intuso

308 2963 311 2968 ·
403 2935 435 2994 di
449 2944 555 2995 vostra
569 2938 678 3009 salute,
693 2943 725 2996 et
738 2937 922 2996 conosciuto
937 2953 994 3010 per
1005 2954 1075 2996 essa
1089 2938 1149 2996 che
1162 2935 1182 2995 l'
1200 2937 1366 2996 affectione
1384 2935 1414 2995 ci
1432 2936 1545 2994 haucte
1563 2951 1633 3008 por·

404 3052 469 3102 tata
487 3060 551 3102 non
566 3044 585 3102 ὲ
602 3042 764 3102 diminuita
783 3061 841 3120 per
859 3043 885 3102 si
904 3045 1023 3121 lungha
1041 3045 1186 3116 assentio,
1205 3044 1247 3102 nc
1265 3045 1299 3102 ui
1317 3049 1385 3102 sete
1403 3043 1549 3102 scordato
1569 3041 1634 3100 inii

402 3151 500 3210 nostri
515 3151 603 3210 molti
619 3151 749 3230 trauagli
763 3167 894 3228 pregare
908 3149 969 3209 Dio
983 3150 1156 3210 benedetto
1170 3167 1227 3225 per
1239 3151 1304 3224 noi,
1319 3150 1353 3209 di
1368 3151 1428 3209 che
1441 3151 1474 3208 vi
1493 3150 1635 3208 restiamo

403 3275 463 3316 con
484 3257 604 3316 infinito
625 3257 741 3336 obligo,
761 3264 793 3316 et
811 3257 841 3318 vi
862 3258 1045 3334 preghiamo
1064 3275 1084 3316 n
1103 3257 1213 3317 uolere
1231 3258 1415 3316 continuare
1435 3257 1467 3315 in
1482 3258 1513 3315 ie
1533 3265 1636 3315 vostre

403 3366 544 3424 orationi.
558 3363 598 3422 Et
612 3364 691 3424 sedi
706 3381 770 3440 qua
785 3365 942 3438 possiamo
957 3381 1034 3425 cosa
1047 3366 1159 3424 alcuna
1170 3381 1226 3439 per
1236 3366 1288 3423 voi
1303 3380 1393 3438 oper
1405 3364 1436 3422 ia
1447 3362 1637 3440 Compngnia

404 3481 519 3543 vostra,
535 3487 658 3548 sempre
673 3472 701 3530 ci
715 3478 872 3531 trouerete
892 3473 1091 3546 prontissima
1110 3491 1128 3530 a
1143 3472 1220 3530 sarni
1239 3471 1313 3550 ogni
1327 3473 1461 3548 pinetam,
1476 3477 1512 3529 et
1529 3469 1637 3529 cosini

397 3565 435 3638 'ci
450 3579 620 3650 offeriamo,
635 3581 693 3639 che
709 3578 771 3638 Dio
786 3579 823 3638 N.
839 3579 870 3640 S.
885 3581 917 3638 vi
932 3580 1081 3639 contenti.

465 3685 506 3744 Di
522 3685 634 3744 Parma
648 3687 669 3744 il
683 3685 714 3744 di
730 3685 805 3745 XVI
819 3686 852 3745 di
870 3685 1017 3748 Gennaro
1036 3698 1122 3760 1554.

1050 3821 1250 3880 Minonmnn
1271 3821 1302 3878 n’
1323 3819 1477 3880 Ansnnn.

467 3954 638 4025 Inscriptio.
653 3954 692 4012 Al
706 3955 774 4016 R.d0
793 3955 834 4014 M.
851 3954 973 4032 Ignatio
987 3963 1096 4014 nostro
1110 3955 1279 4014 casissimo.
1294 3955 1323 4013 Α
1337 3954 1448 4013 Roma.

463 4153 469 4183 ¹
509 4150 553 4204 Ex
566 4151 740 4223 archetypo,
758 4151 788 4205 in
806 4149 909 4206 codice
927 4151 1027 4222 Epist.
1043 4151 1178 4222 princip.
1200 4147 1424 4223 (1546·1599)‚
1438 4145 1549 4216 duplici
1561 4146 1647 4218 totio,

407 4255 436 4296 n.
452 4239 498 4310 56,
509 4238 591 4311 prius
603 4239 650 4311 60,
664 4239 694 4295 in
708 4239 830 4311 antiguo
844 4240 989 4296 tabulario
1001 4241 1037 4297 C.
1049 4241 1129 4297 xvl.
1141 4253 1170 4310 7,
1183 4249 1215 4295 et
1228 4241 1262 4295 B.
1280 4238 1322 4297 18.
1336 4239 1464 4294 Exstnnt
1475 4237 1646 4308 apognphn

406 4328 436 4383 in
463 4345 551 4400 capsa
569 4329 666 4384 initia
686 4329 717 4384 S.
732 4329 780 4402 J.,
803 4329 905 4386 fascic.
929 4329 1114 4400 agomaro,
1134 4347 1202 4402 pag.
1223 4341 1269 4400 103
1291 4336 1323 4383 et
1334 4327 1367 4382 in
1381 4326 1455 4402 Cod.
1469 4325 1648 4393 Manciam,

407 4417 459 4472 lib.
475 4417 572 4488 1V‚n.
588 4431 617 4473 2.
