3567 5409
520 507 624 565 Errsr.
644 503 802 580 3853.-24
824 503 987 564 ocroans
1008 503 1076 574 ¹553
1325 503 1377 573 615

247 662 365 748 Aliqui
381 661 589 732 videbantur
606 662 716 749 magis
735 662 891 748 indigere
912 660 1148 748 philosophiae
1168 639 1414 729 exercitatione

178 779 304 865 aliqua,
323 791 361 845 vt
378 781 423 847 M.
443 778 624 858 Martinus,
644 780 852 846 M.'Ioannes
869 776 1010 857 Rheidt,
1025 791 1060 844 et
1071 797 1178 844 vnum
1192 797 1320 876 annum
1333 797 1412 842 cum

178 893 266 964 sein
284 893 534 981 philosophicis
549 894 778 974 exercuerint,
797 895 840 961 ad
858 893 1068 980 theologiam
1091 915 1130 959 se
1145 883 1324 962 conterent
1338 903 1360 956 ⁸.

245 1010 332 1078 Vale
345 1010 380 1075 in
397 1011 488 1096 Xpo.
739 1027 782 1092 24
799 1009 963 1078 Octobris
983 1004 1080 1093 1553.

245 1127 290 1192 V.
309 1127 358 1194 D.
380 1147 503 1192 seruus
519 1125 555 1192 in
572 1125 737 1205 Domino,

768 1263 935 1349 Jomtrras
954 1281 1000 1327 ne
1019 1261 1193 1327 Potahco
1208 1264 1228 1324 ².

244 1415 320 1480 Rex
343 1411 565 1498 Portugaliae
585 1412 675 1480 serio
699 1412 772 1500 agit
792 1433 870 1478 cum
894 1415 997 1478 Patre
1018 1422 1137 1477 nostro
1158 1412 1202 1478 de
1222 1384 1414 1502 patriarcha
1437 1391 1439 1395 ¹

178 1529 347 1594 mittendo
363 1528 398 1595 in
416 1528 648 1615 Aethiopiam,
666 1529 701 1594 in
719 1549 827 1614 regna
845 1526 1054 1594 Praestianis
1069 1539 1096 1606 θ’,
1114 1537 1150 1594 et
1171 1548 1249 1612 spes
1270 1527 1415 1616 affulget

179 1642 327 1711 maxima
343 1642 522 1730 regionum
541 1643 673 1710 illarum
692 1645 734 1710 ad
752 1643 913 1710 vnionem
929 1640 1098 1729 ecclesiaex
1108 1641 1298 1739 catholicae
1314 1628 1416 1708 reda·

178 1761 378 1839 candetum,
397 1771 431 1828 et
448 1782 516 1826 non
535 1760 671 1848 ridetur
687 1759 782 1826 Patri
800 1759 929 1824 licitum
947 1759 1019 1826 fore
1034 1758 1069 1823 id
1087 1759 1159 1844 regi
1176 1760 1360 1841 denegare,
1379 1769 1415 1823 et

178 1879 270 1943 sorte
286 1878 479 1963 complures
495 1876 578 1943 alios
594 1877 637 1942 de
654 1876 829 1944 Societate
845 1896 887 1942 eo
904 1875 1040 1942 mittere
1054 1873 1223 1960 oportebit
1240 1885 1266 1939 '.

698 2019 791 2087 Idem
806 1994 965 2090 Ioannes
983 2036 1032 2085 ns
1049 2017 1236 2085 Portuno.

247 2179 432 2264 Inscriptio
447 2179 487 2244 in
502 2181 609 2245 attero
625 2179 787 2266 exemplo.
808 2176 967 2258 Louanii‚
986 2198 1047 2264 pro
1064 2180 1157 2262 Mag.
1177 2175 1344 2242 Adriano.

747 2377 852 2461 385³

506 2528 813 2598 ranhctsco
842 2527 1098 2596 amaraco
1134 2547 1139 2558 ·

572 2675 671 2766 ⁸notra
685 2675 720 2731 24
733 2675 890 2718 octosms
907 2659 976 2731 1553
990 2662 1010 2719 ¹.

225 2779 357 2834 Litteras
379 2783 539 2851 exspectat,
560 2779 667 2850 quibus
683 2781 719 2834 de
736 2779 847 2834 itinere
860 2778 998 2851 feliciter
1019 2773 1153 2848 consecto
1174 2774 1286 2830 certior
1302 2773 1373 2848 flat.

610 2868 656 2923 De
670 2868 782 2924 titteris
796 2865 916 2939 fratris
931 2867 990 2924 sui.

248 2997 320 3062 Pax
333 2993 474 3062 Christi.

246 3109 459 3178 Charissime
471 3113 576 3179 frater
588 3111 623 3177 in
640 3112 705 3179 X.⁰

246 3228 478 3312 Expectamus
494 3226 626 3312 aliquas
639 3238 718 3294 tuas
734 3227 862 3306 literae,
882 3224 1009 3312 quibus
1024 3245 1088 3291 nos
1103 3225 1287 3289 admoneas
1303 3221 1346 3287 de
1358 3220 1416 3287 iti·

179 3361 261 3411 nere
277 3354 394 3410 uestro
410 3345 515 3430 (quod
532 3343 698 3420 foeliciter
713 3345 911 3410 confectum
928 3343 1089 3427 cupimus
1105 3350 1141 3406 et
1156 3336 1357 3424 speramus),
1375 3337 1419 3404 de

179 3459 350 3526 inchoatis
362 3459 498 3542 studiis,
520 3473 554 3527 et
571 3459 601 3526 si
617 3459 699 3545 quid
716 3459 808 3526 aliud
825 3469 890 3540 est,
916 3460 1008 3543 quod
1029 3479 1093 3523 nos
1113 3455 1201 3523 scire
1221 3453 1415 3520 conueniat.

180 3573 319 3644 Scribas
336 3577 456 3643 saltem
475 3587 597 3660 quarto
612 3597 750 3662 quoque
767 3597 884 3644 mense
900 3575 1018 3655 latine,
1037 3586 1075 3640 ut
1092 3574 1282 3658 protectum
1295 3569 1329 3634 in
1343 3581 1417 3636 stu-

233 3773 243 3802 ¹
281 3759 318 3814 ln
332 3759 424 3814 nott.»
437 3761 597 3815 adduntur
609 3759 774 3831 sequentia.
791 3760 837 3814 De
850 3759 930 3830 Mag.
945 3757 1084 3814 Cornelio
1096 3757 1297 3826 Berghemens
1310 3751 1376 3823 [sic]
1388 3761 1419 3807 et

179 3847 246 3903 aliis
260 3861 318 3917 4⁰¹
329 3865 396 3904 cum
410 3865 447 3903 eo
460 3848 559 3905 missis
571 3847 713 3904 tratribus
727 3852 845 3920 nonleet
864 3847 943 3921 quod
955 3847 1094 3912 scribam,
1108 3843 1202 3899 donec
1215 3841 1331 3915 probati
1344 3836 1421 3896 ulte·

179 3937 241 3993 tiae
253 3937 379 3994 fuerint.
393 3937 475 3994 Bene
489 3939 600 3994 habent
613 3955 716 3993 omnes
728 3937 757 3992 in
768 3938 884 4010 spiritu,
896 3946 926 3992 et
937 3935 1100 4006 incorpore
1111 3933 1211 4000 etiam,
1223 3939 1339 4004 praeter
1349 3930 1420 3984 alte·

178 4041 294 4090 rumex
313 4024 530 4094 sacerdotibus,
544 4025 595 4098 qui
609 4023 841 4080 ualetudinarius
855 4023 993 4091 accessit,
1007 4032 1038 4076 et
1051 4020 1146 4076 adhuc
1160 4027 1269 4086 manet,
1280 4019 1351 4073 licet
1360 4033 1421 4075 me.

180 4114 236 4170 lius
249 4115 369 4170 hebeat.
380 4115 523 4184 Magister
537 4113 643 4170 Petrus
656 4113 778 4186 Syluius
791 4111 903 4184 optime
916 4110 1079 4176 conualuit,
1093 4117 1125 4164 et
1137 4108 1237 4181 potius
1249 4108 1315 4162 Deo
1332 4121 1420 4177 quem

181 4203 305 4259 medicis
318 4213 469 4275 acceptam
484 4201 562 4258 terre
575 4211 674 4275 potest
687 4202 855 4275 sanitatem,
871 4218 938 4256 nem
950 4198 1076 4255 mirabili
1091 4213 1209 4270 prorsus
1228 4195 1315 4251 modo
1333 4186 1364 4249 et
1378 4191 1421 4249 in·

180 4301 299 4364 sperato
317 4291 429 4347 sanitas
442 4291 471 4348 ei
485 4291 601 4347 reddita
614 4301 661 4346 eet
669 4293 706 4348 ab
717 4307 763 4361 eo,
774 4291 836 4365 qui,
849 4291 931 4345 iuxta
942 4307 1027 4344 suum
1039 4305 1159 4358 namen,
1170 4289 1251 4343 salue
1262 4294 1309 4340 est
1319 4292 1350 4338 et
1360 4283 1421 4339 uite

180 4391 289 4438 nostra.
305 4381 365 4452 Ipsi
379 4382 472 4436 honor
485 4389 517 4436 et
528 4381 633 4453 gloria.
650 4382 756 4437 Amen.
797 4391 840 4424 -t
853 4381 969 4435 Deserat
983 4381 1018 4434 in
1032 4378 1123 4433 rati.»
1130 4375 1345 4450 praecedentia
1359 4377 1425 4428 oete

179 4470 282 4525 verba.
323 4483 377 4510 -t
400 4469 493 4540 prceti
511 4470 615 4541 Jennie
638 4469 693 4526 att.
733 4483 787 4511 -v
807 4469 925 4524 Desunt
948 4469 982 4523 in
1004 4465 1096 4524 itali.»
1119 4469 1250 4536 quatuor
1268 4462 1422 4533 sequentia

181 4557 283 4614 verba.

237 4735 243 4765 ¹
285 4729 327 4784 Ex
340 4729 443 4784 codice
459 4729 577 4802 Regest.
595 4730 617 4796 I,
635 4727 686 4784 tol.
701 4743 763 4798 45¹·
