3567 5409
530 470 635 527 Enisa.
655 466 809 539 3833.-15
829 466 993 529 Omoams
1014 464 1085 540 1553
1332 466 1386 536 585

177 622 335 690 uandosi
351 622 490 709 meglio,
509 644 580 690 non
595 625 711 693 soche
723 622 753 691 si
764 642 865 709 possa
877 622 1055 703 risoluere,
1069 643 1140 689 non
1155 623 1316 691 hauendo
1328 644 1417 690 mas·

175 736 277 805 sime
302 737 362 825 piii
390 738 595 826 particolare
621 738 861 807 informatione
888 738 924 805 di
951 739 1065 824 quella
1090 739 1158 815 che
1178 736 1211 805 ci
1231 738 1275 805 dt
1297 740 1338 806 V.
1361 739 1419 821 R.,

175 854 325 939 qualee
344 854 433 922 assai
454 855 595 923 incerta.
621 853 824 942 Bisogneria
844 876 966 941 sapere
985 874 1024 922 se
1039 873 1105 920 con
1126 856 1245 924 efletto
1261 854 1420 921 vorriano

179 966 206 1033 li
223 968 352 1038 medici
374 972 440 1039 che
460 969 596 1038 andassi
615 983 738 1056 questa
759 970 941 1039 inuernata
961 970 1051 1038 fuori
1070 970 1106 1036 di
1127 968 1280 1051 Padoua3
1304 981 1340 1038 et
1355 972 1419 1039 ha·

180 1086 302 1154 nendo
318 1084 354 1151 di
366 1088 505 1166 andare,
523 1086 554 1153 si
570 1086 593 1152 li
615 1086 948 1173 consegliarebbono
970 1087 1089 1153 andar'
1107 1107 1208 1153 verso
1224 1085 1248 1151 il
1264 1106 1378 1171 paese,
1397 1108 1419 1153 o

174 1218 287 1269 verso
303 1200 431 1270 Sicilia.
451 1204 505 1269 De
521 1203 628 1269 Roma
644 1224 683 1269 so
698 1200 761 1268 dirl
779 1201 812 1268 io
827 1204 892 1271 che
908 1202 928 1268 ὲ
945 1212 1064 1269 tenuta
1076 1202 1228 1268 malsana
1240 1222 1302 1288 per
1317 1202 1415 1287 quel·

180 1314 206 1379 li
224 1318 286 1383 ch'
303 1338 396 1384 anno
410 1318 562 1404 pericolo
577 1319 622 1385 de
651 1317 786 1385 tisicao
806 1316 930 1385 ethica.
950 1318 1165 1387 Finalmente
1185 1317 1218 1383 la
1235 1319 1276 1383 R.
1296 1319 1340 1385 V.
1365 1316 1417 1404 pi-

180 1431 234 1517 gli
252 1432 492 1501 informatione
508 1433 566 1521 pin
582 1433 748 1521 diligente
761 1435 826 1502 che
838 1454 919 1501 cosa
931 1432 1090 1503 douerria
1102 1430 1185 1498 farsi
1196 1432 1231 1499 di
1245 1432 1306 1514 lui;
1324 1444 1372 1515 et,
1386 1434 1417 1499 si

176 1545 396 1630 judicassino
416 1552 481 1617 che
503 1552 671 1637 potrebbe
695 1561 729 1619 et
745 1550 943 1619 douerebbe
958 1550 1086 1617 andare
1106 1549 1139 1615 al
1155 1570 1271 1635 paese,
1293 1560 1416 1635 questo

178 1662 351 1751 principio
367 1666 445 1732 dell'
463 1664 655 1749 inuernata,
673 1688 778 1735 sanza
794 1666 917 1753 perder
934 1679 1060 1752 tempo,
1086 1664 1115 1732 si
1136 1664 1298 1734 douerria
1318 1686 1414 1733 man-

172 1778 256 1845 dar'
272 1801 371 1849 verso
392 1782 534 1863 Tremo,
553 1804 615 1869 per
641 1783 732 1851 doue
749 1782 886 1869 passari
904 1782 928 1847 il
941 1784 1044 1849 Mtro.
1061 1782 1236 1848 Bernardo
1250 1782 1261 1815 ⁵
1276 1783 1328 1848 fra
1344 1783 1411 1849 XV

175 1892 232 1975 di,
251 1918 347 1965 come
362 1919 484 1983 penso,
501 1910 536 1966 et
551 1898 662 1986 potria
678 1899 832 1966 menarlo
852 1918 934 1965 seco
949 1918 1049 1965 verso
1069 1895 1095 1963 il
1114 1918 1229 1983 paese.
1254 1898 1298 1963 Et
1315 1896 1351 1962 in
1368 1896 1413 1964 tal

177 2028 263 2077 caso
278 2012 320 2077 V.
341 2014 383 2079 R.
403 2013 500 2099 potra
519 2012 650 2101 pigliar’
668 2013 809 2100 prestati
825 2014 885 2079 fin'
904 2036 924 2079 a
939 2014 1002 2080 Xll
1018 2033 1040 2078 0
1051 2010 1134 2079 XIII
1144 2011 1275 2093 ducati;
1290 2022 1326 2079 et
1342 1990 1424 2077 non¹

172 2127 325 2193 essendo
340 2128 427 2195 altra
443 2128 615 2197 comoditai
633 2151 693 2216 per
709 2128 852 2215 pagani,
872 2128 907 2195 io
920 2128 943 2193 li
959 2133 1089 2215 pagano
1102 2127 1241 2194 subbito
1254 2129 1318 2194 che
1334 2149 1411 2194 sar-

178 2239 219 2304 τὸ
236 2242 377 2313 auisato.
408 2245 454 2314 Se
470 2266 540 2311 non
566 2244 780 2331 judicassino
797 2244 821 2310 li
836 2222 961 2313 medici
976 2242 1115 2313 douersi
1129 2243 1293 2310 mandare
1308 2264 1410 2310 verso

178 2353 204 2419 il
217 2378 329 2443 paese,
346 2360 453 2446 prima
472 2360 583 2428 chesi
599 2382 727 2429 muoua
742 2361 773 2427 ei
790 2362 945 2429 daranno
960 2360 1074 2450 auis0.

238 2474 314 2541 Non
331 2476 419 2543 altro
435 2498 495 2563 per
510 2489 644 2563 questa,
664 2499 701 2545 se
717 2499 787 2545 non
805 2478 871 2545 che
888 2477 954 2545 alle
967 2474 1112 2543 orationi
1126 2477 1170 2543 de
1183 2477 1224 2543 V.
1243 2477 1285 2542 R.
1301 2476 1408 2542 molto

176 2586 225 2653 mi
239 2594 477 2659 raccomando.

240 2709 294 2775 De
306 2709 415 2774 Roma
436 2728 475 2792 14
491 2711 534 2778 de
551 2711 706 2780 Octobre
728 2726 822 2795 1553.

239 2825 435 2911 Inscriptio.
457 2825 609 2894 Padoua.
627 2828 706 2893 Don
725 2824 878 2913 Baptista
896 2826 1029 2892 Tabon.

734 3014 839 3097 3333

408 3154 695 3224 HIERONYMO
720 3156 895 3224 RlOLAE
919 3156 981 3223 EX
1005 3155 1158 3223 COMM.

566 3300 656 3344 noun
671 3302 703 3357 15
717 3300 877 3345 oenonais
893 3288 962 3359 1553
981 3288 1002 3347 ¹.

172 3396 288 3466 Riolae,
301 3420 322 3456 a
336 3402 484 3459 societate
496 3404 581 3462 abiro
591 3404 794 3477 percupiam,
808 3404 953 3460 solatium
967 3406 1033 3460 vult
1050 3406 1192 3479 [gnatius
1208 3402 1339 3476 afferre,
1352 3404 1399 3460 in·

286 3490 453 3565 jungitque
467 3497 500 3547 ut
511 3510 619 3549 causas
633 3497 761 3565 exponat
773 3510 829 3551 cur
842 3495 919 3549 votis
930 3512 961 3549 se
974 3494 1105 3550 liberari
1116 3494 1279 3568 efflagitet.

238 3625 285 3691 La
300 3625 413 3711 gratia
427 3648 469 3693 ex
486 3650 551 3713 pax
568 3628 611 3695 de
628 3630 693 3695 X.⁰
711 3642 829 3695 nostro
851 3629 992 3717 signore
1008 3629 1067 3694 si·
1083 3628 1240 3697 conserui
1265 3651 1398 3716 sempre

171 3739 250 3805 nell'
267 3739 379 3808 anime
396 3751 430 3808 et
446 3741 475 3808 si
491 3743 610 3811 mostri
627 3741 706 3811 nell’
724 3764 826 3830 opere
843 3755 970 3813 nostre.
989 3746 1115 3813 Amen.

235 3856 442 3925 Charissimo
462 3858 497 3924 in
515 3860 600 3947 Jesti
621 3860 685 3927 X.⁰
708 3859 853 3927 fratello
878 3862 1004 3927 Nostro
1029 3860 1141 3928 Padre
1166 3861 1211 3926 ha
1238 3859 1396 3929 riceuulo

173 3988 237 4037 una
249 3982 374 4052 uostra,
389 3972 445 4041 cui
458 3995 590 4041 summa
602 3996 660 4041 era
676 3975 885 4043 domandare
901 3976 1091 4044 asolutione
1105 3976 1185 4043 delli
1198 3976 1269 4042 uoti
1284 3976 1395 4043 uostri

170 4102 228 4171 per
242 4087 374 4174 poterui
390 4090 576 4175 consessar,
594 4102 661 4159 etc.
682 4092 724 4159 Et
740 4103 847 4174 cert0‚
866 4094 912 4159 N.
933 4094 974 4162 P.
993 4092 1012 4159 ὲ
1028 4091 1243 4179 paratissimo
1259 4094 1303 4159 de
1320 4094 1394 4160 fare

219 4310 293 4371 ⁸,ci
306 4330 362 4369 ms.

169 4436 359 4456 ¹*—

217 4517 228 4550 ’
262 4519 429 4576 Bernardus
441 4518 603 4579 Oliveriua.

215 4694 223 4721 ⁸
258 4692 302 4747 Ex
314 4692 417 4749 codice
432 4695 550 4767 Regest.
567 4694 592 4763 1,
607 4693 658 4753 fol.
673 4708 733 4764 4²¹·
