<?xml version="1.0" encoding="UTF-8"?>
<!DOCTYPE html PUBLIC "-//W3C//DTD XHTML 1.0 Transitional//EN"
    "http://www.w3.org/TR/xhtml1/DTD/xhtml1-transitional.dtd">
<html xmlns="http://www.w3.org/1999/xhtml" xml:lang="en" lang="en">
 <head>
  <title>
</title>
<meta http-equiv="Content-Type" content="text/html;charset=utf-8" />
  <meta name='ocr-system' content='tesseract 3.04.00' />
  <meta name='ocr-capabilities' content='ocr_page ocr_carea ocr_par ocr_line ocrx_word'/>
</head>
<body>
  <div class='ocr_page' id='page_1' title='image "./monumentaignati02ignagoog_0092.png"; bbox 0 0 3567 5409; ppageno 0'>
   <div class='ocr_carea' id='block_1_1' title="bbox 379 444 1166 507">
    <p class='ocr_par' dir='ltr' id='par_1_1' title="bbox 379 444 1166 507">
     <span class='ocr_line' id='line_1_1' title="bbox 379 444 1166 507; baseline -0.001 -1"><span class='ocrx_word' id='word_1_1' title='bbox 379 450 416 506; x_wconf 84' lang='grc'>86</span> <span class='ocrx_word' id='word_1_2' title='bbox 742 444 968 506; x_wconf 68' lang='lat' dir='ltr'>&#39;Monununrn</span> <span class='ocrx_word' id='word_1_3' title='bbox 986 450 1166 507; x_wconf 68' lang='lat' dir='ltr'>lunisiana</span> 
     </span>
    </p>
   </div>
   <div class='ocr_carea' id='block_1_2' title="bbox 320 600 1598 4507">
    <p class='ocr_par' dir='ltr' id='par_1_2' title="bbox 344 600 1578 807">
     <span class='ocr_line' id='line_1_2' title="bbox 344 600 1578 692; baseline -0.002 -22"><span class='ocrx_word' id='word_1_4' title='bbox 344 614 590 692; x_wconf 86' lang='lat' dir='ltr'>peruenerunt,</span> <span class='ocrx_word' id='word_1_5' title='bbox 609 603 786 671; x_wconf 85' lang='lat' dir='ltr'><strong>curabitur</strong></span> <span class='ocrx_word' id='word_1_6' title='bbox 810 602 901 670; x_wconf 90' lang='lat' dir='ltr'>serio</span> <span class='ocrx_word' id='word_1_7' title='bbox 923 613 963 669; x_wconf 91' lang='lat' dir='ltr'>ut</span> <span class='ocrx_word' id='word_1_8' title='bbox 986 604 1022 669; x_wconf 92' lang='lat' dir='ltr'>in</span> <span class='ocrx_word' id='word_1_9' title='bbox 1047 601 1234 670; x_wconf 90' lang='lat' dir='ltr'>uirtutibus</span> <span class='ocrx_word' id='word_1_10' title='bbox 1255 615 1289 669; x_wconf 91' lang='lat' dir='ltr'>et</span> <span class='ocrx_word' id='word_1_11' title='bbox 1313 600 1351 668; x_wconf 90' lang='lat' dir='ltr'>in</span> <span class='ocrx_word' id='word_1_12' title='bbox 1377 600 1483 669; x_wconf 88' lang='lat' dir='ltr'>literis</span> <span class='ocrx_word' id='word_1_13' title='bbox 1497 624 1578 669; x_wconf 85' lang='lat' dir='ltr'>¹suo</span> 
     </span>
     <span class='ocr_line' id='line_1_3' title="bbox 344 720 724 807; baseline -0.003 -20"><span class='ocrx_word' id='word_1_14' title='bbox 344 732 497 807; x_wconf 89' lang='lat' dir='ltr'>tempore</span> <span class='ocrx_word' id='word_1_15' title='bbox 512 720 724 789; x_wconf 84' lang='lat' dir='ltr'><strong>excolantur.</strong></span> 
     </span>
    </p>

    <p class='ocr_par' dir='ltr' id='par_1_3' title="bbox 341 834 1598 2079">
     <span class='ocr_line' id='line_1_4' title="bbox 410 834 1570 921; baseline -0.005 -15"><span class='ocrx_word' id='word_1_16' title='bbox 410 837 608 906; x_wconf 90' lang='lat' dir='ltr'>Secundum</span> <span class='ocrx_word' id='word_1_17' title='bbox 625 846 689 915; x_wconf 88' lang='lat' dir='ltr'>est,</span> <span class='ocrx_word' id='word_1_18' title='bbox 706 836 810 920; x_wconf 83' lang='lat' dir='ltr'>quod,</span> <span class='ocrx_word' id='word_1_19' title='bbox 828 854 908 901; x_wconf 91' lang='lat' dir='ltr'>curn</span> <span class='ocrx_word' id='word_1_20' title='bbox 925 834 1108 901; x_wconf 89' lang='lat' dir='ltr'>mittuntur</span> <span class='ocrx_word' id='word_1_21' title='bbox 1127 834 1244 920; x_wconf 87' lang='lat' dir='ltr'>aliqui,</span> <span class='ocrx_word' id='word_1_22' title='bbox 1265 834 1465 921; x_wconf 80' lang='lat' dir='ltr'>praesertim</span> <span class='ocrx_word' id='word_1_23' title='bbox 1483 834 1570 901; x_wconf 89' lang='lat' dir='ltr'>deli·</span> 
     </span>
     <span class='ocr_line' id='line_1_5' title="bbox 343 949 1574 1046; baseline -0.002 -26"><span class='ocrx_word' id='word_1_24' title='bbox 343 952 484 1046; x_wconf 84' lang='lat' dir='ltr'>catioris</span> <span class='ocrx_word' id='word_1_25' title='bbox 504 949 727 1030; x_wconf 68' lang='lat' dir='ltr'>habitudinis</span> <span class='ocrx_word' id='word_1_26' title='bbox 752 949 862 1037; x_wconf 87' lang='lat' dir='ltr'>qualis</span> <span class='ocrx_word' id='word_1_27' title='bbox 889 962 943 1019; x_wconf 90' lang='lat' dir='ltr'>est</span> <span class='ocrx_word' id='word_1_28' title='bbox 969 952 1018 1019; x_wconf 89' lang='lat' dir='ltr'>M.</span> <span class='ocrx_word' id='word_1_29' title='bbox 1047 951 1224 1019; x_wconf 85' lang='lat' dir='ltr'>Gerardus</span> <span class='ocrx_word' id='word_1_30' title='bbox 1252 950 1423 1030; x_wconf 80' lang='lat' dir='ltr'>Brassica,</span> <span class='ocrx_word' id='word_1_31' title='bbox 1448 949 1574 1018; x_wconf 88' lang='lat' dir='ltr'>sifieri</span> 
     </span>
     <span class='ocr_line' id='line_1_6' title="bbox 342 1058 1574 1156; baseline -0.002 -22"><span class='ocrx_word' id='word_1_32' title='bbox 342 1078 470 1156; x_wconf 91' lang='lat' dir='ltr'>posset,</span> <span class='ocrx_word' id='word_1_33' title='bbox 489 1058 580 1135; x_wconf 83' lang='lat' dir='ltr'>esset</span> <span class='ocrx_word' id='word_1_34' title='bbox 595 1066 661 1133; x_wconf 91' lang='lat' dir='ltr'>illis</span> <span class='ocrx_word' id='word_1_35' title='bbox 681 1077 773 1135; x_wconf 84' lang='lat' dir='ltr'>certe</span> <span class='ocrx_word' id='word_1_36' title='bbox 793 1068 838 1135; x_wconf 93' lang='lat' dir='ltr'>de</span> <span class='ocrx_word' id='word_1_37' title='bbox 857 1088 928 1133; x_wconf 92' lang='lat' dir='ltr'>uno</span> <span class='ocrx_word' id='word_1_38' title='bbox 947 1088 1039 1151; x_wconf 86' lang='lat' dir='ltr'>equo</span> <span class='ocrx_word' id='word_1_39' title='bbox 1056 1066 1113 1133; x_wconf 89' lang='lat' dir='ltr'>uel</span> <span class='ocrx_word' id='word_1_40' title='bbox 1133 1067 1271 1132; x_wconf 89' lang='lat' dir='ltr'>duobus</span> <span class='ocrx_word' id='word_1_41' title='bbox 1292 1065 1334 1155; x_wconf 89' lang='lat' dir='ltr'>(si</span> <span class='ocrx_word' id='word_1_42' title='bbox 1354 1066 1462 1133; x_wconf 88' lang='lat' dir='ltr'>maior</span> <span class='ocrx_word' id='word_1_43' title='bbox 1480 1076 1574 1132; x_wconf 89' lang='lat' dir='ltr'>esset</span> 
     </span>
     <span class='ocr_line' id='line_1_7' title="bbox 341 1180 1576 1269; baseline -0.002 -19"><span class='ocrx_word' id='word_1_44' title='bbox 341 1205 506 1252; x_wconf 91' lang='lat' dir='ltr'>numerus</span> <span class='ocrx_word' id='word_1_45' title='bbox 527 1204 628 1269; x_wconf 90' lang='lat' dir='ltr'>quam</span> <span class='ocrx_word' id='word_1_46' title='bbox 650 1182 751 1249; x_wconf 88' lang='lat' dir='ltr'>trium</span> <span class='ocrx_word' id='word_1_47' title='bbox 774 1183 829 1249; x_wconf 92' lang='lat' dir='ltr'>uel</span> <span class='ocrx_word' id='word_1_48' title='bbox 849 1183 1009 1268; x_wconf 87' lang='lat' dir='ltr'>quatuor)</span> <span class='ocrx_word' id='word_1_49' title='bbox 1027 1180 1289 1268; x_wconf 89' lang='lat' dir='ltr'>prouidendum,</span> <span class='ocrx_word' id='word_1_50' title='bbox 1309 1192 1348 1247; x_wconf 91' lang='lat' dir='ltr'>ut</span> <span class='ocrx_word' id='word_1_51' title='bbox 1362 1193 1456 1250; x_wconf 90' lang='lat' dir='ltr'>certe</span> <span class='ocrx_word' id='word_1_52' title='bbox 1471 1182 1576 1249; x_wconf 87' lang='lat' dir='ltr'>sarci-</span> 
     </span>
     <span class='ocr_line' id='line_1_8' title="bbox 343 1281 1574 1385; baseline -0.004 -18"><span class='ocrx_word' id='word_1_53' title='bbox 343 1321 405 1367; x_wconf 90' lang='lat' dir='ltr'>nas</span> <span class='ocrx_word' id='word_1_54' title='bbox 420 1299 564 1366; x_wconf 89' lang='lat' dir='ltr'>aliorum</span> <span class='ocrx_word' id='word_1_55' title='bbox 583 1300 683 1379; x_wconf 80' lang='lat' dir='ltr'>ferre,</span> <span class='ocrx_word' id='word_1_56' title='bbox 700 1310 735 1365; x_wconf 90' lang='lat' dir='ltr'>et</span> <span class='ocrx_word' id='word_1_57' title='bbox 750 1297 929 1385; x_wconf 85' lang='lat' dir='ltr'>defatigati</span> <span class='ocrx_word' id='word_1_58' title='bbox 946 1281 1203 1382; x_wconf 83' lang='lat' dir='ltr'>conquiescere,</span> <span class='ocrx_word' id='word_1_59' title='bbox 1226 1298 1281 1366; x_wconf 89' lang='lat' dir='ltr'>uel</span> <span class='ocrx_word' id='word_1_60' title='bbox 1303 1297 1423 1365; x_wconf 86' lang='lat' dir='ltr'>saltem</span> <span class='ocrx_word' id='word_1_61' title='bbox 1447 1298 1574 1363; x_wconf 88' lang='lat' dir='ltr'>alleua-</span> 
     </span>
     <span class='ocr_line' id='line_1_9' title="bbox 342 1412 1572 1502; baseline -0.003 -20"><span class='ocrx_word' id='word_1_62' title='bbox 342 1414 370 1482; x_wconf 92' lang='lat' dir='ltr'>ri</span> <span class='ocrx_word' id='word_1_63' title='bbox 391 1414 576 1502; x_wconf 91' lang='lat' dir='ltr'>equitando</span> <span class='ocrx_word' id='word_1_64' title='bbox 596 1413 738 1501; x_wconf 82' lang='lat' dir='ltr'>possint3</span> <span class='ocrx_word' id='word_1_65' title='bbox 762 1412 790 1479; x_wconf 90' lang='lat' dir='ltr'>si</span> <span class='ocrx_word' id='word_1_66' title='bbox 810 1413 912 1480; x_wconf 90' lang='lat' dir='ltr'>etiam</span> <span class='ocrx_word' id='word_1_67' title='bbox 933 1412 1007 1479; x_wconf 86' lang='lat' dir='ltr'>fieri</span> <span class='ocrx_word' id='word_1_68' title='bbox 1027 1424 1155 1501; x_wconf 88' lang='lat' dir='ltr'>posset,</span> <span class='ocrx_word' id='word_1_69' title='bbox 1181 1436 1250 1480; x_wconf 91' lang='lat' dir='ltr'>non</span> <span class='ocrx_word' id='word_1_70' title='bbox 1273 1413 1348 1481; x_wconf 92' lang='lat' dir='ltr'>sine</span> <span class='ocrx_word' id='word_1_71' title='bbox 1375 1412 1503 1479; x_wconf 88' lang='lat' dir='ltr'>uiatico</span> <span class='ocrx_word' id='word_1_72' title='bbox 1528 1413 1572 1478; x_wconf 91' lang='lat' dir='ltr'>ad</span> 
     </span>
     <span class='ocr_line' id='line_1_10' title="bbox 341 1514 1574 1618; baseline 0.001 -22"><span class='ocrx_word' id='word_1_73' title='bbox 341 1514 407 1599; x_wconf 87' lang='lat' dir='ltr'>iter</span> <span class='ocrx_word' id='word_1_74' title='bbox 422 1530 656 1618; x_wconf 88' lang='lat' dir='ltr'>peragendum</span> <span class='ocrx_word' id='word_1_75' title='bbox 673 1528 857 1598; x_wconf 89' lang='lat' dir='ltr'>sufficienti</span> <span class='ocrx_word' id='word_1_76' title='bbox 872 1527 1030 1595; x_wconf 90' lang='lat' dir='ltr'>mittendi</span> <span class='ocrx_word' id='word_1_77' title='bbox 1046 1541 1174 1613; x_wconf 89' lang='lat' dir='ltr'>essent;</span> <span class='ocrx_word' id='word_1_78' title='bbox 1192 1552 1271 1606; x_wconf 90' lang='lat' dir='ltr'>nam</span> <span class='ocrx_word' id='word_1_79' title='bbox 1288 1550 1368 1596; x_wconf 92' lang='lat' dir='ltr'>cum</span> <span class='ocrx_word' id='word_1_80' title='bbox 1381 1526 1574 1597; x_wconf 89' lang='lat' dir='ltr'>mendicare</span> 
     </span>
     <span class='ocr_line' id='line_1_11' title="bbox 341 1643 1598 1732; baseline 0 -19"><span class='ocrx_word' id='word_1_81' title='bbox 341 1648 493 1715; x_wconf 92' lang='lat' dir='ltr'>nondum</span> <span class='ocrx_word' id='word_1_82' title='bbox 506 1644 700 1726; x_wconf 86' lang='lat' dir='ltr'>didicerint,</span> <span class='ocrx_word' id='word_1_83' title='bbox 714 1644 922 1713; x_wconf 88' lang='lat' dir='ltr'>subueniant</span> <span class='ocrx_word' id='word_1_84' title='bbox 938 1644 988 1713; x_wconf 90' lang='lat' dir='ltr'>eis</span> <span class='ocrx_word' id='word_1_85' title='bbox 1004 1667 1147 1715; x_wconf 90' lang='lat' dir='ltr'>necesse</span> <span class='ocrx_word' id='word_1_86' title='bbox 1161 1657 1214 1712; x_wconf 91' lang='lat' dir='ltr'>est</span> <span class='ocrx_word' id='word_1_87' title='bbox 1230 1644 1390 1732; x_wconf 86' lang='lat' dir='ltr'>collegia,</span> <span class='ocrx_word' id='word_1_88' title='bbox 1408 1666 1470 1731; x_wconf 92' lang='lat' dir='ltr'>per</span> <span class='ocrx_word' id='word_1_89' title='bbox 1484 1665 1578 1729; x_wconf 87' lang='lat' dir='ltr'>quae</span> <span class='ocrx_word' id='word_1_90' title='bbox 1592 1643 1598 1650; x_wconf 80' lang='grc'><em>’</em></span> 
     </span>
     <span class='ocr_line' id='line_1_12' title="bbox 342 1760 1573 1847; baseline -0.002 -18"><span class='ocrx_word' id='word_1_91' title='bbox 342 1773 533 1843; x_wconf 84' lang='lat' dir='ltr'>transeunt,</span> <span class='ocrx_word' id='word_1_92' title='bbox 552 1762 644 1847; x_wconf 91' lang='lat' dir='ltr'>quod</span> <span class='ocrx_word' id='word_1_93' title='bbox 659 1760 734 1829; x_wconf 89' lang='lat' dir='ltr'>istis</span> <span class='ocrx_word' id='word_1_94' title='bbox 750 1762 785 1827; x_wconf 90' lang='lat' dir='ltr'>in</span> <span class='ocrx_word' id='word_1_95' title='bbox 806 1760 925 1840; x_wconf 83' lang='lat' dir='ltr'>initiis,</span> <span class='ocrx_word' id='word_1_96' title='bbox 948 1772 1087 1847; x_wconf 90' lang='lat' dir='ltr'>propter</span> <span class='ocrx_word' id='word_1_97' title='bbox 1109 1771 1354 1847; x_wconf 83' lang='lat' dir='ltr'>paupertatem,</span> <span class='ocrx_word' id='word_1_98' title='bbox 1378 1782 1479 1846; x_wconf 90' lang='lat' dir='ltr'>quam</span> <span class='ocrx_word' id='word_1_99' title='bbox 1502 1762 1573 1828; x_wconf 87' lang='lat' dir='ltr'>fere</span> 
     </span>
     <span class='ocr_line' id='line_1_13' title="bbox 341 1860 1578 1963; baseline -0.001 -19"><span class='ocrx_word' id='word_1_100' title='bbox 341 1878 455 1944; x_wconf 86' lang='lat' dir='ltr'>omnia</span> <span class='ocrx_word' id='word_1_101' title='bbox 478 1876 620 1963; x_wconf 75' lang='lat' dir='ltr'>egregie</span> <span class='ocrx_word' id='word_1_102' title='bbox 636 1877 789 1945; x_wconf 91' lang='lat' dir='ltr'>sentiunt</span> <span class='ocrx_word' id='word_1_103' title='bbox 806 1898 865 1963; x_wconf 86' lang='lat' dir='ltr'>per</span> <span class='ocrx_word' id='word_1_104' title='bbox 882 1874 947 1944; x_wconf 90' lang='lat' dir='ltr'>Dei</span> <span class='ocrx_word' id='word_1_105' title='bbox 963 1876 1122 1963; x_wconf 84' lang='lat' dir='ltr'>gratiam,</span> <span class='ocrx_word' id='word_1_106' title='bbox 1141 1860 1393 1943; x_wconf 89' lang='lat' dir='ltr'>incommodum</span> <span class='ocrx_word' id='word_1_107' title='bbox 1411 1874 1494 1941; x_wconf 91' lang='lat' dir='ltr'>satis</span> <span class='ocrx_word' id='word_1_108' title='bbox 1507 1875 1578 1943; x_wconf 90' lang='lat' dir='ltr'>illis</span> 
     </span>
     <span class='ocr_line' id='line_1_14' title="bbox 341 1990 1569 2079; baseline -0.003 -18"><span class='ocrx_word' id='word_1_109' title='bbox 341 2004 405 2063; x_wconf 89' lang='lat' dir='ltr'>est.</span> <span class='ocrx_word' id='word_1_110' title='bbox 420 1994 524 2062; x_wconf 89' lang='lat' dir='ltr'>Certe</span> <span class='ocrx_word' id='word_1_111' title='bbox 540 1992 678 2076; x_wconf 87' lang='lat' dir='ltr'>quidem</span> <span class='ocrx_word' id='word_1_112' title='bbox 696 1992 811 2059; x_wconf 86' lang='lat' dir='ltr'>literas</span> <span class='ocrx_word' id='word_1_113' title='bbox 828 2004 962 2077; x_wconf 88' lang='lat' dir='ltr'>apertas</span> <span class='ocrx_word' id='word_1_114' title='bbox 978 1991 1052 2058; x_wconf 86' lang='lat' dir='ltr'>dari</span> <span class='ocrx_word' id='word_1_115' title='bbox 1068 2002 1253 2079; x_wconf 86' lang='lat' dir='ltr'>oporteret,</span> <span class='ocrx_word' id='word_1_116' title='bbox 1273 2002 1310 2057; x_wconf 91' lang='lat' dir='ltr'>ut</span> <span class='ocrx_word' id='word_1_117' title='bbox 1325 1990 1569 2079; x_wconf 85' lang='lat' dir='ltr'>intelligerent,</span> 
     </span>
    </p>

    <p class='ocr_par' dir='ltr' id='par_1_4' title="bbox 320 2105 1577 2407">
     <span class='ocr_line' id='line_1_15' title="bbox 320 2105 1577 2202; baseline 0 -27"><span class='ocrx_word' id='word_1_118' title='bbox 320 2194 325 2202; x_wconf 15' lang='grc' dir='ltr'><strong><em>ἡ</em></strong></span> <span class='ocrx_word' id='word_1_119' title='bbox 341 2131 361 2175; x_wconf 87' lang='lat' dir='ltr'>a</span> <span class='ocrx_word' id='word_1_120' title='bbox 375 2110 417 2178; x_wconf 92' lang='lat' dir='ltr'>T.</span> <span class='ocrx_word' id='word_1_121' title='bbox 432 2108 520 2175; x_wconf 88' lang='lat' dir='ltr'>Rtia.</span> <span class='ocrx_word' id='word_1_122' title='bbox 537 2130 597 2177; x_wconf 89' lang='lat' dir='ltr'>eos</span> <span class='ocrx_word' id='word_1_123' title='bbox 610 2106 732 2175; x_wconf 90' lang='lat' dir='ltr'>missos</span> <span class='ocrx_word' id='word_1_124' title='bbox 744 2129 832 2190; x_wconf 80' lang='lat' dir='ltr'>esse3</span> <span class='ocrx_word' id='word_1_125' title='bbox 847 2105 1146 2193; x_wconf 76' lang='lat' dir='ltr'>namimpostor&#39;es</span> <span class='ocrx_word' id='word_1_126' title='bbox 1162 2106 1316 2173; x_wconf 88' lang='lat' dir='ltr'>nonnulli</span> <span class='ocrx_word' id='word_1_127' title='bbox 1331 2108 1464 2173; x_wconf 87' lang='lat' dir='ltr'>suntin</span> <span class='ocrx_word' id='word_1_128' title='bbox 1479 2107 1577 2175; x_wconf 89' lang='lat' dir='ltr'>hisce</span> 
     </span>
     <span class='ocr_line' id='line_1_16' title="bbox 327 2222 1572 2310; baseline 0.001 -21"><span class='ocrx_word' id='word_1_129' title='bbox 327 2222 552 2310; x_wconf 62' lang='lat' dir='ltr'>&#39;regionibus</span> <span class='ocrx_word' id='word_1_130' title='bbox 570 2222 628 2308; x_wconf 91' lang='lat' dir='ltr'>qui</span> <span class='ocrx_word' id='word_1_131' title='bbox 647 2222 877 2292; x_wconf 89' lang='lat' dir='ltr'>commentitio</span> <span class='ocrx_word' id='word_1_132' title='bbox 894 2222 1032 2289; x_wconf 90' lang='lat' dir='ltr'>nomine</span> <span class='ocrx_word' id='word_1_133' title='bbox 1048 2222 1230 2291; x_wconf 87' lang='lat' dir='ltr'>Societatis</span> <span class='ocrx_word' id='word_1_134' title='bbox 1245 2223 1378 2307; x_wconf 89' lang='lat' dir='ltr'>aliquos</span> <span class='ocrx_word' id='word_1_135' title='bbox 1393 2246 1437 2292; x_wconf 85' lang='lat' dir='ltr'>ex</span> <span class='ocrx_word' id='word_1_136' title='bbox 1452 2223 1572 2290; x_wconf 90' lang='lat' dir='ltr'>amicis</span> 
     </span>
     <span class='ocr_line' id='line_1_17' title="bbox 340 2322 1449 2407; baseline -0.001 -1"><span class='ocrx_word' id='word_1_137' title='bbox 340 2338 466 2406; x_wconf 89' lang='lat' dir='ltr'>nostris</span> <span class='ocrx_word' id='word_1_138' title='bbox 481 2322 551 2405; x_wconf 87' lang='lat' dir='ltr'>non</span> <span class='ocrx_word' id='word_1_139' title='bbox 566 2340 672 2407; x_wconf 88' lang='lat' dir='ltr'>semel</span> <span class='ocrx_word' id='word_1_140' title='bbox 687 2339 900 2406; x_wconf 88' lang='lat' dir='ltr'>deluserunt.</span> <span class='ocrx_word' id='word_1_141' title='bbox 920 2340 964 2404; x_wconf 87' lang='lat' dir='ltr'>Et</span> <span class='ocrx_word' id='word_1_142' title='bbox 980 2341 1066 2407; x_wconf 90' lang='lat' dir='ltr'>haec</span> <span class='ocrx_word' id='word_1_143' title='bbox 1082 2337 1244 2406; x_wconf 87' lang='lat' dir='ltr'>fratribus</span> <span class='ocrx_word' id='word_1_144' title='bbox 1259 2338 1352 2404; x_wconf 91' lang='lat' dir='ltr'>dicta</span> <span class='ocrx_word' id='word_1_145' title='bbox 1364 2339 1449 2405; x_wconf 83' lang='lat' dir='ltr'>sint.</span> 
     </span>
    </p>

    <p class='ocr_par' dir='ltr' id='par_1_5' title="bbox 340 2452 1578 3349">
     <span class='ocr_line' id='line_1_18' title="bbox 407 2452 1574 2540; baseline -0.001 -19"><span class='ocrx_word' id='word_1_146' title='bbox 407 2454 620 2523; x_wconf 86' lang='lat' dir='ltr'>Facultatem</span> <span class='ocrx_word' id='word_1_147' title='bbox 642 2452 777 2521; x_wconf 91' lang='lat' dir='ltr'>dicendi</span> <span class='ocrx_word' id='word_1_148' title='bbox 803 2454 907 2521; x_wconf 80' lang='lat' dir='ltr'>officii</span> <span class='ocrx_word' id='word_1_149' title='bbox 930 2454 1012 2520; x_wconf 91' lang='lat' dir='ltr'>noui</span> <span class='ocrx_word' id='word_1_150' title='bbox 1036 2453 1159 2540; x_wconf 89' lang='lat' dir='ltr'>poterit</span> <span class='ocrx_word' id='word_1_151' title='bbox 1184 2456 1226 2522; x_wconf 91' lang='lat' dir='ltr'>T.</span> <span class='ocrx_word' id='word_1_152' title='bbox 1256 2454 1346 2521; x_wconf 88' lang='lat' dir='ltr'>Rtia.</span> <span class='ocrx_word' id='word_1_153' title='bbox 1378 2452 1424 2520; x_wconf 89' lang='lat' dir='ltr'>illi</span> <span class='ocrx_word' id='word_1_154' title='bbox 1453 2454 1574 2522; x_wconf 85' lang='lat' dir='ltr'>iuueni</span> 
     </span>
     <span class='ocr_line' id='line_1_19' title="bbox 340 2568 1569 2657; baseline 0.002 -21"><span class='ocrx_word' id='word_1_155' title='bbox 340 2570 511 2650; x_wconf 86' lang='lat' dir='ltr'>conferre,</span> <span class='ocrx_word' id='word_1_156' title='bbox 530 2582 709 2657; x_wconf 84' lang='lat' dir='ltr'>postquam</span> <span class='ocrx_word' id='word_1_157' title='bbox 727 2592 804 2638; x_wconf 89' lang='lat' dir='ltr'>sese</span> <span class='ocrx_word' id='word_1_158' title='bbox 820 2570 1035 2637; x_wconf 87' lang='lat' dir='ltr'>obedientiae</span> <span class='ocrx_word' id='word_1_159' title='bbox 1055 2568 1237 2639; x_wconf 86' lang='lat' dir='ltr'>Societatis</span> <span class='ocrx_word' id='word_1_160' title='bbox 1257 2568 1467 2648; x_wconf 85' lang='lat' dir='ltr'>submiserit,</span> <span class='ocrx_word' id='word_1_161' title='bbox 1491 2591 1569 2639; x_wconf 86' lang='lat' dir='ltr'>nam</span> 
     </span>
     <span class='ocr_line' id='line_1_20' title="bbox 340 2686 1572 2773; baseline -0.001 -20"><span class='ocrx_word' id='word_1_162' title='bbox 340 2686 384 2753; x_wconf 90' lang='lat' dir='ltr'>ad</span> <span class='ocrx_word' id='word_1_163' title='bbox 407 2708 467 2754; x_wconf 93' lang='lat' dir='ltr'>eos</span> <span class='ocrx_word' id='word_1_164' title='bbox 484 2697 616 2753; x_wconf 85' lang='lat' dir='ltr'>tantum</span> <span class='ocrx_word' id='word_1_165' title='bbox 633 2696 877 2772; x_wconf 84' lang='lat' dir='ltr'>sesepotestas</span> <span class='ocrx_word' id='word_1_166' title='bbox 893 2686 1087 2766; x_wconf 90' lang='lat' dir='ltr'>Societatis,</span> <span class='ocrx_word' id='word_1_167' title='bbox 1107 2708 1167 2771; x_wconf 91' lang='lat' dir='ltr'>per</span> <span class='ocrx_word' id='word_1_168' title='bbox 1183 2686 1414 2773; x_wconf 83' lang='lat' dir='ltr'>praepositum</span> <span class='ocrx_word' id='word_1_169' title='bbox 1427 2707 1572 2773; x_wconf 88' lang='lat' dir='ltr'>genera·</span> 
     </span>
     <span class='ocr_line' id='line_1_21' title="bbox 340 2800 1576 2887; baseline -0.002 -19"><span class='ocrx_word' id='word_1_170' title='bbox 340 2802 406 2869; x_wconf 90' lang='lat' dir='ltr'>lem</span> <span class='ocrx_word' id='word_1_171' title='bbox 419 2802 627 2887; x_wconf 88' lang='lat' dir='ltr'>dispensata,</span> <span class='ocrx_word' id='word_1_172' title='bbox 641 2801 806 2869; x_wconf 89' lang='lat' dir='ltr'>extendit.</span> <span class='ocrx_word' id='word_1_173' title='bbox 822 2803 875 2868; x_wconf 91' lang='lat' dir='ltr'>De</span> <span class='ocrx_word' id='word_1_174' title='bbox 887 2800 975 2881; x_wconf 90' lang='lat' dir='ltr'>aliis,</span> <span class='ocrx_word' id='word_1_175' title='bbox 984 2822 1074 2886; x_wconf 78' lang='lat' dir='ltr'>quae</span> <span class='ocrx_word' id='word_1_176' title='bbox 1087 2823 1146 2887; x_wconf 89' lang='lat' dir='ltr'>per</span> <span class='ocrx_word' id='word_1_177' title='bbox 1159 2804 1296 2869; x_wconf 88' lang='lat' dir='ltr'>Rmum.</span> <span class='ocrx_word' id='word_1_178' title='bbox 1311 2812 1347 2869; x_wconf 84' lang='lat' dir='ltr'>et</span> <span class='ocrx_word' id='word_1_179' title='bbox 1358 2802 1504 2868; x_wconf 90' lang='lat' dir='ltr'>lllmum.</span> <span class='ocrx_word' id='word_1_180' title='bbox 1519 2823 1576 2868; x_wconf 81' lang='lat' dir='ltr'>ar—</span> 
     </span>
     <span class='ocr_line' id='line_1_22' title="bbox 342 2916 1574 3004; baseline -0.002 -20"><span class='ocrx_word' id='word_1_181' title='bbox 342 2917 596 3004; x_wconf 87' lang='lat' dir='ltr'>ehiepiscopum</span> <span class='ocrx_word' id='word_1_182' title='bbox 609 2928 644 2983; x_wconf 93' lang='lat' dir='ltr'>et</span> <span class='ocrx_word' id='word_1_183' title='bbox 657 2938 717 3002; x_wconf 89' lang='lat' dir='ltr'>per</span> <span class='ocrx_word' id='word_1_184' title='bbox 733 2916 954 3003; x_wconf 86' lang='lat' dir='ltr'>magnificum</span> <span class='ocrx_word' id='word_1_185' title='bbox 970 2918 1143 2984; x_wconf 91' lang='lat' dir='ltr'>doctorem</span> <span class='ocrx_word' id='word_1_186' title='bbox 1159 2919 1377 3003; x_wconf 91' lang='lat' dir='ltr'>Gropperum</span> <span class='ocrx_word' id='word_1_187' title='bbox 1392 2929 1407 2957; x_wconf 78' lang='lat'>⁸</span> <span class='ocrx_word' id='word_1_188' title='bbox 1422 2928 1574 2985; x_wconf 88' lang='lat' dir='ltr'>tractan-</span> 
     </span>
     <span class='ocr_line' id='line_1_23' title="bbox 342 3032 1573 3119; baseline 0 -20"><span class='ocrx_word' id='word_1_189' title='bbox 342 3042 411 3112; x_wconf 88' lang='lat' dir='ltr'>tur,</span> <span class='ocrx_word' id='word_1_190' title='bbox 434 3032 525 3099; x_wconf 90' lang='lat' dir='ltr'>aliud</span> <span class='ocrx_word' id='word_1_191' title='bbox 550 3055 620 3099; x_wconf 94' lang='lat' dir='ltr'>non</span> <span class='ocrx_word' id='word_1_192' title='bbox 644 3042 696 3099; x_wconf 89' lang='lat' dir='ltr'>est</span> <span class='ocrx_word' id='word_1_193' title='bbox 720 3032 916 3112; x_wconf 92' lang='lat' dir='ltr'>dicendum,</span> <span class='ocrx_word' id='word_1_194' title='bbox 943 3054 1044 3117; x_wconf 89' lang='lat' dir='ltr'>quam</span> <span class='ocrx_word' id='word_1_195' title='bbox 1070 3035 1162 3118; x_wconf 89' lang='lat' dir='ltr'>quod</span> <span class='ocrx_word' id='word_1_196' title='bbox 1184 3044 1343 3119; x_wconf 89' lang='lat' dir='ltr'>optamus</span> <span class='ocrx_word' id='word_1_197' title='bbox 1369 3035 1482 3101; x_wconf 90' lang='lat' dir='ltr'>Deum</span> <span class='ocrx_word' id='word_1_198' title='bbox 1509 3054 1573 3100; x_wconf 89' lang='lat' dir='ltr'>sua</span> 
     </span>
     <span class='ocr_line' id='line_1_24' title="bbox 342 3146 1578 3235; baseline 0 -21"><span class='ocrx_word' id='word_1_199' title='bbox 342 3146 557 3235; x_wconf 89' lang='lat' dir='ltr'>prouidentia</span> <span class='ocrx_word' id='word_1_200' title='bbox 573 3148 686 3213; x_wconf 88' lang='lat' dir='ltr'>omnia</span> <span class='ocrx_word' id='word_1_201' title='bbox 706 3147 866 3233; x_wconf 86' lang='lat' dir='ltr'>dirigere,</span> <span class='ocrx_word' id='word_1_202' title='bbox 893 3160 930 3214; x_wconf 93' lang='lat' dir='ltr'>ut</span> <span class='ocrx_word' id='word_1_203' title='bbox 952 3148 995 3213; x_wconf 89' lang='lat' dir='ltr'>ad</span> <span class='ocrx_word' id='word_1_204' title='bbox 1017 3150 1178 3215; x_wconf 89' lang='lat' dir='ltr'>honorem</span> <span class='ocrx_word' id='word_1_205' title='bbox 1201 3158 1236 3215; x_wconf 84' lang='lat' dir='ltr'>et</span> <span class='ocrx_word' id='word_1_206' title='bbox 1256 3147 1398 3234; x_wconf 87' lang='lat' dir='ltr'>gloriam</span> <span class='ocrx_word' id='word_1_207' title='bbox 1420 3169 1519 3215; x_wconf 89' lang='lat' dir='ltr'>suam</span> <span class='ocrx_word' id='word_1_208' title='bbox 1537 3158 1578 3216; x_wconf 93' lang='lat' dir='ltr'>et</span> 
     </span>
     <span class='ocr_line' id='line_1_25' title="bbox 343 3262 1429 3349; baseline -0.001 -18"><span class='ocrx_word' id='word_1_209' title='bbox 343 3263 532 3331; x_wconf 86' lang='lat' dir='ltr'>animarum</span> <span class='ocrx_word' id='word_1_210' title='bbox 551 3262 713 3329; x_wconf 86' lang='lat' dir='ltr'>auxilium</span> <span class='ocrx_word' id='word_1_211' title='bbox 732 3263 825 3329; x_wconf 92' lang='lat' dir='ltr'>uidet</span> <span class='ocrx_word' id='word_1_212' title='bbox 842 3262 1013 3349; x_wconf 83' lang='lat' dir='ltr'>expedire.</span> <span class='ocrx_word' id='word_1_213' title='bbox 1041 3324 1044 3329; x_wconf 94' lang='lat'><strong>.</strong></span> <span class='ocrx_word' id='word_1_214' title='bbox 1425 3341 1429 3349; x_wconf 29' lang='grc' dir='ltr'>Ι</span> 
     </span>
    </p>

    <p class='ocr_par' dir='ltr' id='par_1_6' title="bbox 343 3375 1578 4157">
     <span class='ocr_line' id='line_1_26' title="bbox 411 3375 1577 3465; baseline -0.001 -20"><span class='ocrx_word' id='word_1_215' title='bbox 411 3379 533 3445; x_wconf 93' lang='lat' dir='ltr'>Nullos</span> <span class='ocrx_word' id='word_1_216' title='bbox 554 3398 738 3464; x_wconf 87' lang='lat' dir='ltr'>germanos</span> <span class='ocrx_word' id='word_1_217' title='bbox 759 3377 880 3444; x_wconf 90' lang='lat' dir='ltr'>missos</span> <span class='ocrx_word' id='word_1_218' title='bbox 902 3379 1014 3445; x_wconf 88' lang='lat' dir='ltr'>adhuc</span> <span class='ocrx_word' id='word_1_219' title='bbox 1036 3390 1113 3464; x_wconf 94' lang='lat' dir='ltr'>post</span> <span class='ocrx_word' id='word_1_220' title='bbox 1133 3375 1259 3463; x_wconf 86' lang='lat' dir='ltr'>primos</span> <span class='ocrx_word' id='word_1_221' title='bbox 1283 3378 1358 3465; x_wconf 86' lang='lat' dir='ltr'>illos</span> <span class='ocrx_word' id='word_1_222' title='bbox 1382 3400 1451 3445; x_wconf 91' lang='lat' dir='ltr'>non</span> <span class='ocrx_word' id='word_1_223' title='bbox 1475 3378 1577 3445; x_wconf 77' lang='lat' dir='ltr'>mira-</span> 
     </span>
     <span class='ocr_line' id='line_1_27' title="bbox 343 3493 1572 3579; baseline 0.002 -18"><span class='ocrx_word' id='word_1_224' title='bbox 343 3516 432 3575; x_wconf 90' lang='lat' dir='ltr'>mur,</span> <span class='ocrx_word' id='word_1_225' title='bbox 453 3505 524 3559; x_wconf 92' lang='lat' dir='ltr'>tum</span> <span class='ocrx_word' id='word_1_226' title='bbox 542 3505 679 3579; x_wconf 90' lang='lat' dir='ltr'>propter</span> <span class='ocrx_word' id='word_1_227' title='bbox 695 3494 795 3572; x_wconf 90' lang='lat' dir='ltr'>bella,</span> <span class='ocrx_word' id='word_1_228' title='bbox 815 3504 887 3559; x_wconf 90' lang='lat' dir='ltr'>tum</span> <span class='ocrx_word' id='word_1_229' title='bbox 904 3493 1005 3561; x_wconf 90' lang='lat' dir='ltr'>etiam</span> <span class='ocrx_word' id='word_1_230' title='bbox 1027 3494 1107 3579; x_wconf 91' lang='lat' dir='ltr'>quia</span> <span class='ocrx_word' id='word_1_231' title='bbox 1128 3493 1227 3560; x_wconf 92' lang='lat' dir='ltr'>uobis</span> <span class='ocrx_word' id='word_1_232' title='bbox 1248 3516 1318 3559; x_wconf 93' lang='lat' dir='ltr'>non</span> <span class='ocrx_word' id='word_1_233' title='bbox 1333 3494 1492 3568; x_wconf 88' lang='lat' dir='ltr'>calcaria.</span> <span class='ocrx_word' id='word_1_234' title='bbox 1511 3497 1572 3563; x_wconf 88' lang='lat' dir='ltr'>sed</span> 
     </span>
     <span class='ocr_line' id='line_1_28' title="bbox 344 3608 1573 3695; baseline 0.002 -20"><span class='ocrx_word' id='word_1_235' title='bbox 344 3609 458 3695; x_wconf 91' lang='lat' dir='ltr'>potius</span> <span class='ocrx_word' id='word_1_236' title='bbox 479 3610 611 3675; x_wconf 90' lang='lat' dir='ltr'>frenum</span> <span class='ocrx_word' id='word_1_237' title='bbox 633 3611 698 3675; x_wconf 91' lang='lat' dir='ltr'>hoc</span> <span class='ocrx_word' id='word_1_238' title='bbox 721 3630 811 3675; x_wconf 87' lang='lat' dir='ltr'>anno</span> <span class='ocrx_word' id='word_1_239' title='bbox 831 3608 1061 3691; x_wconf 83' lang='lat' dir='ltr'>adhibuimus3</span> <span class='ocrx_word' id='word_1_240' title='bbox 1084 3609 1112 3676; x_wconf 92' lang='lat' dir='ltr'>si</span> <span class='ocrx_word' id='word_1_241' title='bbox 1134 3621 1248 3678; x_wconf 89' lang='lat' dir='ltr'>tamen</span> <span class='ocrx_word' id='word_1_242' title='bbox 1269 3609 1372 3695; x_wconf 89' lang='lat' dir='ltr'>aliqui</span> <span class='ocrx_word' id='word_1_243' title='bbox 1396 3621 1511 3677; x_wconf 88' lang='lat' dir='ltr'>essent</span> <span class='ocrx_word' id='word_1_244' title='bbox 1530 3632 1573 3678; x_wconf 83' lang='lat' dir='ltr'>ex</span> 
     </span>
     <span class='ocr_line' id='line_1_29' title="bbox 344 3722 1574 3811; baseline 0 -17"><span class='ocrx_word' id='word_1_245' title='bbox 344 3722 530 3794; x_wconf 86' lang='lat' dir='ltr'>Germania</span> <span class='ocrx_word' id='word_1_246' title='bbox 546 3723 725 3810; x_wconf 88' lang='lat' dir='ltr'>superiori,</span> <span class='ocrx_word' id='word_1_247' title='bbox 743 3736 803 3791; x_wconf 90' lang='lat' dir='ltr'>aut</span> <span class='ocrx_word' id='word_1_248' title='bbox 819 3725 877 3808; x_wconf 87' lang='lat' dir='ltr'>qui</span> <span class='ocrx_word' id='word_1_249' title='bbox 893 3746 968 3790; x_wconf 89' lang='lat' dir='ltr'>eam</span> <span class='ocrx_word' id='word_1_250' title='bbox 989 3724 1143 3811; x_wconf 84' lang='lat' dir='ltr'>linguam</span> <span class='ocrx_word' id='word_1_251' title='bbox 1164 3727 1273 3810; x_wconf 90' lang='lat' dir='ltr'>probe</span> <span class='ocrx_word' id='word_1_252' title='bbox 1293 3728 1467 3806; x_wconf 90' lang='lat' dir='ltr'>callerent,</span> <span class='ocrx_word' id='word_1_253' title='bbox 1493 3728 1574 3795; x_wconf 90' lang='lat' dir='ltr'>alio-</span> 
     </span>
     <span class='ocr_line' id='line_1_30' title="bbox 345 3838 1573 3927; baseline 0.001 -19"><span class='ocrx_word' id='word_1_254' title='bbox 345 3839 428 3925; x_wconf 90' lang='lat' dir='ltr'>quin</span> <span class='ocrx_word' id='word_1_255' title='bbox 445 3838 557 3906; x_wconf 92' lang='lat' dir='ltr'>idonei</span> <span class='ocrx_word' id='word_1_256' title='bbox 575 3840 669 3905; x_wconf 86' lang='lat' dir='ltr'>iuxta</span> <span class='ocrx_word' id='word_1_257' title='bbox 685 3839 948 3907; x_wconf 86' lang='lat' dir='ltr'>constitutiones</span> <span class='ocrx_word' id='word_1_258' title='bbox 963 3840 1100 3925; x_wconf 84' lang='lat' dir='ltr'>collegii</span> <span class='ocrx_word' id='word_1_259' title='bbox 1116 3842 1317 3927; x_wconf 82' lang='lat' dir='ltr'>germanici,</span> <span class='ocrx_word' id='word_1_260' title='bbox 1335 3841 1422 3907; x_wconf 91' lang='lat' dir='ltr'>mitti</span> <span class='ocrx_word' id='word_1_261' title='bbox 1437 3858 1573 3927; x_wconf 87' lang='lat' dir='ltr'>possent</span> 
     </span>
     <span class='ocr_line' id='line_1_31' title="bbox 346 3955 1578 4035; baseline 0 -11"><span class='ocrx_word' id='word_1_262' title='bbox 346 3968 440 4024; x_wconf 89' lang='lat' dir='ltr'>certe</span> <span class='ocrx_word' id='word_1_263' title='bbox 456 3978 515 4022; x_wconf 82' lang='lat' dir='ltr'>sex</span> <span class='ocrx_word' id='word_1_264' title='bbox 534 3955 589 4021; x_wconf 92' lang='lat' dir='ltr'>uel</span> <span class='ocrx_word' id='word_1_265' title='bbox 605 3966 697 4035; x_wconf 88' lang='lat' dir='ltr'>oct0,</span> <span class='ocrx_word' id='word_1_266' title='bbox 716 3965 750 4021; x_wconf 92' lang='lat' dir='ltr'>et</span> <span class='ocrx_word' id='word_1_267' title='bbox 766 3958 899 4035; x_wconf 89' lang='lat' dir='ltr'>decem,</span> <span class='ocrx_word' id='word_1_268' title='bbox 917 3957 946 4021; x_wconf 89' lang='lat' dir='ltr'>si</span> <span class='ocrx_word' id='word_1_269' title='bbox 968 3958 1068 4025; x_wconf 90' lang='lat' dir='ltr'>ualde</span> <span class='ocrx_word' id='word_1_270' title='bbox 1088 3956 1201 4023; x_wconf 90' lang='lat' dir='ltr'>idonei</span> <span class='ocrx_word' id='word_1_271' title='bbox 1222 3970 1339 4025; x_wconf 90' lang='lat' dir='ltr'>essent</span> <span class='ocrx_word' id='word_1_272' title='bbox 1357 3969 1393 4024; x_wconf 91' lang='lat' dir='ltr'>et</span> <span class='ocrx_word' id='word_1_273' title='bbox 1413 3958 1449 4023; x_wconf 86' lang='lat' dir='ltr'>in&#39;</span> <span class='ocrx_word' id='word_1_274' title='bbox 1468 3957 1578 4027; x_wconf 87' lang='lat' dir='ltr'>literis</span> 
     </span>
     <span class='ocr_line' id='line_1_32' title="bbox 346 4069 1410 4157; baseline 0.002 -20"><span class='ocrx_word' id='word_1_275' title='bbox 346 4071 512 4157; x_wconf 88' lang='lat' dir='ltr'>prouecti,</span> <span class='ocrx_word' id='word_1_276' title='bbox 530 4072 650 4137; x_wconf 88' lang='lat' dir='ltr'>saltem</span> <span class='ocrx_word' id='word_1_277' title='bbox 666 4070 779 4139; x_wconf 90' lang='lat' dir='ltr'>idonei</span> <span class='ocrx_word' id='word_1_278' title='bbox 795 4073 838 4137; x_wconf 89' lang='lat' dir='ltr'>ad</span> <span class='ocrx_word' id='word_1_279' title='bbox 855 4071 985 4157; x_wconf 85' lang='lat' dir='ltr'>logices</span> <span class='ocrx_word' id='word_1_280' title='bbox 997 4069 1230 4157; x_wconf 88' lang='lat' dir='ltr'>velphysices</span> <span class='ocrx_word' id='word_1_281' title='bbox 1246 4073 1410 4139; x_wconf 89' lang='lat' dir='ltr'>studium.</span> 
     </span>
    </p>

    <p class='ocr_par' dir='ltr' id='par_1_7' title="bbox 347 4186 1576 4371">
     <span class='ocr_line' id='line_1_33' title="bbox 414 4186 1576 4275; baseline 0.002 -20"><span class='ocrx_word' id='word_1_282' title='bbox 414 4186 502 4255; x_wconf 89' lang='lat' dir='ltr'>Aliis</span> <span class='ocrx_word' id='word_1_283' title='bbox 518 4189 560 4253; x_wconf 94' lang='lat' dir='ltr'>de</span> <span class='ocrx_word' id='word_1_284' title='bbox 577 4188 680 4255; x_wconf 89' lang='lat' dir='ltr'>rebus</span> <span class='ocrx_word' id='word_1_285' title='bbox 696 4187 879 4273; x_wconf 86' lang='lat' dir='ltr'>intelliges,</span> <span class='ocrx_word' id='word_1_286' title='bbox 899 4187 1098 4254; x_wconf 82' lang='lat' dir='ltr'>charissime</span> <span class='ocrx_word' id='word_1_287' title='bbox 1116 4190 1230 4270; x_wconf 89' lang='lat' dir='ltr'>Pater,</span> <span class='ocrx_word' id='word_1_288' title='bbox 1248 4211 1308 4275; x_wconf 92' lang='lat' dir='ltr'>per</span> <span class='ocrx_word' id='word_1_289' title='bbox 1328 4189 1445 4256; x_wconf 90' lang='lat' dir='ltr'>literas</span> <span class='ocrx_word' id='word_1_290' title='bbox 1465 4191 1576 4258; x_wconf 89' lang='lat' dir='ltr'>Loua-</span> 
     </span>
     <span class='ocr_line' id='line_1_34' title="bbox 347 4302 714 4371; baseline 0 -1"><span class='ocrx_word' id='word_1_291' title='bbox 347 4303 405 4370; x_wconf 92' lang='lat' dir='ltr'>nio</span> <span class='ocrx_word' id='word_1_292' title='bbox 422 4302 714 4371; x_wconf 76' lang='lat' dir='ltr'>transmittendas</span> 
     </span>
    </p>

    <p class='ocr_par' dir='ltr' id='par_1_8' title="bbox 416 4418 1579 4507">
     <span class='ocr_line' id='line_1_35' title="bbox 416 4418 1579 4507; baseline 0.001 -21"><span class='ocrx_word' id='word_1_293' title='bbox 416 4420 542 4487; x_wconf 82' lang='lat' dir='ltr'>Multas</span> <span class='ocrx_word' id='word_1_294' title='bbox 557 4418 672 4484; x_wconf 86' lang='lat' dir='ltr'>literas</span> <span class='ocrx_word' id='word_1_295' title='bbox 687 4418 841 4484; x_wconf 90' lang='lat' dir='ltr'>scribunt</span> <span class='ocrx_word' id='word_1_296' title='bbox 857 4418 958 4485; x_wconf 87' lang='lat' dir='ltr'>etiam</span> <span class='ocrx_word' id='word_1_297' title='bbox 975 4418 1012 4483; x_wconf 89' lang='lat' dir='ltr'>hi</span> <span class='ocrx_word' id='word_1_298' title='bbox 1027 4422 1148 4487; x_wconf 87' lang='lat' dir='ltr'>fratres</span> <span class='ocrx_word' id='word_1_299' title='bbox 1164 4441 1184 4485; x_wconf 89' lang='lat' dir='ltr'>a</span> <span class='ocrx_word' id='word_1_300' title='bbox 1200 4422 1243 4489; x_wconf 90' lang='lat' dir='ltr'>T.</span> <span class='ocrx_word' id='word_1_301' title='bbox 1263 4421 1350 4487; x_wconf 88' lang='lat' dir='ltr'>Rtia.</span> <span class='ocrx_word' id='word_1_302' title='bbox 1370 4420 1476 4501; x_wconf 87' lang='lat' dir='ltr'>missi,</span> <span class='ocrx_word' id='word_1_303' title='bbox 1491 4442 1579 4507; x_wconf 87' lang='lat' dir='ltr'>quas</span> 
     </span>
    </p>
   </div>
   <div class='ocr_carea' id='block_1_3' title="bbox 349 4580 547 4591">
    <p class='ocr_par' dir='ltr' id='par_1_9' title="bbox 349 4580 547 4591">
     <span class='ocr_line' id='line_1_36' title="bbox 349 4580 547 4591; baseline -0.015 0"><span class='ocrx_word' id='word_1_304' title='bbox 349 4580 547 4591; x_wconf 70' lang='lat' dir='ltr'>——ur——n</span> 
     </span>
    </p>
   </div>
   <div class='ocr_carea' id='block_1_4' title="bbox 401 4668 1323 4742">
    <p class='ocr_par' dir='ltr' id='par_1_10' title="bbox 401 4668 1323 4742">
     <span class='ocr_line' id='line_1_37' title="bbox 401 4668 1323 4742; baseline 0.001 -18"><span class='ocrx_word' id='word_1_305' title='bbox 401 4686 415 4713; x_wconf 76' lang='grc' dir='ltr'>ι</span> <span class='ocrx_word' id='word_1_306' title='bbox 452 4670 614 4742; x_wconf 88' lang='lat' dir='ltr'>Guiperum</span> <span class='ocrx_word' id='word_1_307' title='bbox 628 4685 698 4735; x_wconf 87' lang='lat' dir='ltr'>ms,;</span> <span class='ocrx_word' id='word_1_308' title='bbox 713 4670 764 4723; x_wconf 81' lang='lat' dir='ltr'>seri</span> <span class='ocrx_word' id='word_1_309' title='bbox 788 4668 910 4723; x_wconf 77' lang='lat' dir='ltr'>videtur</span> <span class='ocrx_word' id='word_1_310' title='bbox 932 4668 1106 4739; x_wconf 75' lang='lat' dir='ltr'>legendnm:</span> <span class='ocrx_word' id='word_1_311' title='bbox 1127 4668 1323 4742; x_wconf 86' lang='lat' dir='ltr'>Gropperum.</span> 
     </span>
    </p>
   </div>
   <div class='ocr_carea' id='block_1_5' title="bbox 0 0 1791 5409">
    <p class='ocr_par' dir='ltr' id='par_1_11' title="bbox 0 0 1791 5409">
     <span class='ocr_line' id='line_1_38' title="bbox 0 0 1791 5409; baseline 0 0"><span class='ocrx_word' id='word_1_312' title='bbox 0 0 1791 5409; x_wconf 95' lang='lat' dir='ltr'> </span> 
     </span>
    </p>
   </div>
  </div>
 </body>
</html>
