3567 5409
376 441 435 522 630¹
757 445 965 502 Monumrn
984 445 1162 502 Iourrrnur

343 596 391 683 gli
407 599 546 665 haueuo
561 597 682 670 scritto
700 618 785 684 poco
800 596 915 666 inanzi
930 598 966 666 di
981 600 1088 666 andar
1104 621 1126 666 a
1141 600 1307 680 Monreal‚
1330 600 1421 668 douc
1435 601 1468 666 in
1486 621 1567 686 spe·

344 713 396 781 cie
412 715 432 780 ὁ
448 714 555 782 molto
571 713 765 783 desiderato
785 716 843 783 dal
858 727 1090 804 gouernatore
1105 718 1132 796 ⁸,
1161 718 1226 784 che
1242 717 1286 784 de
1305 714 1354 781 lui
1369 716 1454 784 altre
1476 715 1577 783 nolte

344 828 373 896 si
388 840 403 880 ⁸
419 831 437 896 ὲ
454 829 637 918 aggiutato
653 831 744 901 nelle
759 853 840 899 cose
855 830 1025 919 spirituali
1038 830 1066 899 ¹¹.
1574 814 1580 822 ’

411 945 482 1032 Qui
498 946 623 1014 mando
640 948 706 1014 alla
721 949 763 1018 R.
784 950 826 1016 V.
846 949 879 1014 la
895 947 994 1034 eopia
1014 950 1059 1017 de
1074 969 1144 1016 una
1158 948 1281 1017 lettera
1297 946 1458 1014 mandata
1471 969 1492 1012 a
1502 947 1569 1014 Lo·

346 1062 464 1143 uanio‚
494 1063 584 1129 doue
612 1061 790 1132 intenderi
818 1063 934 1131 alcuni
961 1063 1155 1150 particolari
1183 1065 1238 1144 del
1265 1075 1385 1131 nostro
1412 1061 1564 1148 collegio.

347 1179 475 1245 Mando
491 1177 593 1246 etiam
608 1179 641 1246 le
656 1177 870 1246 conclusioni
887 1182 953 1246 che
967 1178 996 1246 si
1013 1182 1128 1246 hanno
1148 1201 1168 1246 a
1188 1189 1371 1258 sostentar,
1396 1199 1499 1244 sanza
1516 1176 1568 1242 di·

347 1312 450 1362 uerse
464 1292 623 1376 orationi,
644 1304 712 1362 etc.
730 1295 756 1360 ⁹.

415 1409 549 1478 Adesso
565 1407 611 1475 mi
631 1410 768 1478 ricordo
784 1410 828 1479 de
848 1433 917 1478 non
944 1413 1053 1478 hauer
1069 1412 1156 1479 fatto
1178 1411 1324 1496 risposta
1344 1432 1365 1477 a
1386 1411 1500 1495 quelle
1517 1411 1570 1479 del

347 1524 457 1612 primo
472 1525 506 1590 d'
537 1526 698 1604 Ottobre,
717 1525 807 1593 douc
821 1526 865 1593 V.
890 1527 931 1593 R.
951 1525 1065 1593 scriue
1090 1528 1134 1594 dc
1156 1526 1181 1592 li
1205 1537 1256 1600 tre
1272 1524 1349 1592 libri
1371 1528 1437 1594 che
1452 1526 1573 1592 manda

349 1641 406 1728 gii
424 1639 513 1710 fatti.
532 1643 576 1708 Et
592 1651 721 1726 quanto
737 1663 757 1708 a
774 1640 848 1708 farli
865 1641 1033 1722 riuedere,
1051 1642 1080 1710 si
1098 1641 1169 1708 fari
1190 1640 1277 1723 cosi,
1294 1643 1423 1729 perch&
1439 1641 1465 1707 li
1484 1639 1571 1708 reui-

348 1757 464 1839 ditori‚
483 1759 571 1825 oltra
586 1758 629 1824 de
645 1757 719 1827 dire
735 1757 759 1824 il
775 1779 840 1826 suo
857 1779 968 1845 parer,
988 1757 1018 1826 si
1035 1758 1266 1845 aggiuterano
1286 1759 1335 1826 de
1357 1759 1390 1825 la
1413 1758 1520 1824 molta
1540 1766 1573 1825 et

350 1873 445 1942 uaria
460 1873 596 1941 dotrina
617 1875 651 1939 d’
675 1873 755 1940 essi.
780 1876 937 1942 Domane
956 1874 985 1941 si
1001 1874 1164 1940 manderri
1180 1894 1246 1941 con
1264 1875 1299 1942 lo
1318 1871 1528 1959 perchachio
1543 1873 1576 1940 al

351 1991 391 2058 P.
420 1989 612 2070 Salmeron‚
643 1991 707 2057 che
728 1990 763 2055 fa
781 1989 938 2056 instanza
966 2010 1027 2076 per
1043 1989 1172 2058 uederli
1200 1992 1236 2054 ¹⁰.
1268 1990 1369 2057 Circa
1388 1988 1412 2055 il
1428 1987 1540 2073 finire,
1557 2009 1579 2054 a

349 2105 431 2172 tutti
448 2125 530 2192 pare
546 2106 613 2173 che
626 2106 661 2172 lo
677 2104 801 2173 debbia
818 2105 869 2171 sar
885 2106 918 2172 la
935 2109 976 2174 R.
995 2107 1040 2174 V.
1059 2106 1103 2172 ad
1119 2104 1202 2192 ogni
1218 2106 1333 2187 modo,
1347 2105 1377 2173 si
1390 2108 1458 2175 ben
1469 2106 1579 2172 lassa-

349 2220 378 2288 si
398 2231 469 2288 star
485 2222 530 2290 de
554 2242 624 2288 una
643 2221 759 2310 banda
773 2231 863 2290 tutte
879 2221 911 2289 le
927 2220 1090 2308 prediche
1105 2234 1140 2288 et
1155 2221 1242 2289 altre
1257 2220 1475 2308 occupationi
1491 2219 1582 2288 *che

351 2337 474 2410 desino
490 2336 669 2424 inpaschio
684 2361 706 2404 a
722 2337 769 2403 tal
783 2358 901 2424 opera.
928 2339 972 2404 Et
992 2337 1078 2418 cosi,
1102 2339 1240 2404 tornato
1259 2339 1325 2405 che
1343 2336 1394 2405 sia
1413 2337 1447 2403 la
1467 2339 1509 2404 R.
1531 2337 1581 2404 V.

351 2451 387 2520 in
411 2453 568 2533 Firenza‚
592 2474 674 2540 pare
694 2452 819 2520 debbia
838 2454 1017 2522 attendere
1037 2476 1057 2521 a
1078 2453 1177 2523 finire
1192 2454 1217 2520 1¹
1239 2475 1342 2540 opera
1362 2451 1580 2520 eominciata.

352 2569 397 2634 Et
413 2591 450 2637 se
472 2567 508 2636 in
530 2569 695 2636 Fiorenza
715 2590 785 2635 non
805 2569 925 2639 haussi
950 2570 1063 2653 quella
1083 2569 1290 2636 commoditi
1306 2568 1417 2638 chesi
1438 2567 1590 2648 ricerea.

351 2685 450 2771 potrri
467 2683 625 2752 retirarse
637 2684 669 2752 al
681 2683 829 2772 collegio
841 2687 906 2753 che
917 2686 942 2752 li
955 2686 1074 2772 pareri
1085 2707 1147 2772 per
1157 2685 1320 2754 scriuere.
1335 2683 1439 2753 Circa
1454 2682 1584 2764 ilstilo,

353 2820 453 2870 come
468 2801 520 2868 sia
534 2799 558 2866 il
575 2811 665 2868 tutto
680 2799 790 2882 finito,
808 2822 846 2869 se
862 2801 960 2888 potri
977 2803 1083 2871 ueder
1097 2823 1136 2869 se
1151 2805 1228 2869 sara
1248 2800 1447 2888 espodiente
1466 2799 1585 2867 limar-

359 2917 393 2983 lo
410 2937 457 2982 un
474 2936 573 3003 poco,

421 3032 488 3099 Del
500 3031 716 3118 compendio,
735 3034 897 3124 restando
912 3032 1025 3118 questi
1041 3032 1118 3100 libri
1134 3033 1191 3102 nel
1212 3055 1307 3101 esser
1327 3055 1404 3114 suo,
1426 3054 1510 3119 pare
1524 3031 1595 3098 do·-

356 3147 451 3217 ueria
472 3150 518 3216 V.
548 3149 591 3216 R.
615 3169 710 3218 esser
725 3147 828 3216 etiarn
850 3147 872 3213 l'
902 3151 1039 3231 author,
1069 3148 1205 3218 bench&
1228 3148 1413 3235 bisognera
1432 3159 1598 3234 aspettar

356 3265 447 3331 forsa
463 3263 522 3351 piu
538 3265 605 3332 che
622 3265 814 3332 uorrebeno
829 3263 935 3349 quelli
951 3263 1053 3332 Padri
1069 3264 1104 3331 di
1121 3265 1268 3334 Vienna.

423 3379 524 3448 Altro
540 3401 615 3447 non·
626 3379 702 3448 diro
718 3399 780 3466 per
796 3393 930 3465 questa,
949 3401 987 3447 se
1009 3399 1078 3448 non
1094 3382 1160 3450 che
1175 3381 1298 3448 stiamo
1314 3379 1388 3448 sani
1403 3401 1466 3467 per
1485 3381 1518 3446 la
1534 3379 1590 3446 di·

357 3495 438 3562 uina
459 3493 584 3582 gratia,
613 3505 648 3564 et
675 3493 709 3561 ci
735 3495 1035 3564 raccomandiamo
1063 3495 1119 3563 all’
1139 3495 1285 3564 orationi
1306 3505 1342 3565 et
1361 3493 1522 3562 sacrificii
1544 3495 1599 3562 de

356 3611 389 3677 la
404 3611 446 3678 R.
465 3612 511 3682 V.

424 3726 662 3796 Desideriamo
678 3748 762 3797 auer
776 3750 869 3796 noua
884 3728 964 3797 delli
980 3728 1088 3796 nostri
1105 3727 1139 3795 di
1155 3729 1313 3796 Corsica.

425 3842 485 3912 Sia
495 3845 580 3932 Jesu
596 3842 663 3912 X.⁰
679 3865 724 3911 ne
739 3843 772 3912 la
787 3842 981 3930 protetione
996 3844 1040 3913 de
1056 3844 1148 3912 tutti.
1169 3845 1294 3912 Arnen.

426 3957 479 4026 De
497 3960 604 4026 Roma
623 3976 666 4043 27
683 3960 718 4026 d'
737 3960 885 4028 Ottobre
906 3977 1004 4045 1553.

316 4161 321 4171 ι
423 4076 622 4161 Inscriptio.
643 4071 676 4144 Α
692 4077 853 4158 Genoua,
871 4077 905 4144 al
922 4079 961 4144 P.
979 4077 1127 4164 Laynez.

394 4230 426 4298 'r
463 4245 490 4301 ci
504 4263 560 4304 ms.
597 4247 649 4290 --h
667 4245 820 4318 spirituale
833 4263 889 4302 mc.
927 4249 972 4290 -ἰ
989 4246 1182 4319 occupatione
1194 4264 1250 4304 mr.

412 4401 424 4434 ⁸
462 4397 638 4455 Vincentius
647 4397 686 4454 de
699 4399 811 4456 Nobili.
825 4397 902 4455 Vide
914 4399 1069 4472 epistolam
1081 4397 1162 4469 3844.

412 4491 424 4524 ⁹
461 4489 593 4560 Epistola
605 4486 686 4558 3852.

405 4579 427 4614 ¹⁰
465 4577 621 4652 Epistoloe
647 4580 708 4640 P...
736 4579 937 4647 Salmorom's,
962 4578 991 4647 1,
1021 4591 1069 4635 111
1096 4589 1127 4635 et
1155 4591 1220 4648 1123
1246 4579 1433 4651 Pomcm,
1462 4577 1604 4642 cirrum.

359 4666 414 4740 111,
427 4668 473 4739 67.
