3567 5409
558 467 663 547 Errsr.
682 488 837 561 3906.-rr
859 491 1055 546 Novausurs
1077 487 1147 560 1553
1386 489 1440 562 ⁶9³

233 655 355 728 questa
377 645 566 712 mutatione
589 643 783 713 sufficiente
808 666 867 730 per
894 645 919 711 il
946 666 1063 730 corpo,
1090 656 1125 712 et
1150 647 1257 711 molto
1281 643 1340 731 piu
1363 619 1425 732 per
1448 645 1475 711 l'

234 759 362 829 anima.

301 877 443 961 Quanto
455 877 511 944 del
523 899 586 944 suo
600 878 733 946 fratello
747 879 870 960 Paulo,
886 880 931 945 V.
947 880 989 945 R.
1004 877 1037 944 lo
1051 878 1150 964 potrai
1164 878 1319 945 mandar'
1333 901 1353 944 a
1365 879 1475 945 Roma

233 993 374 1078 quando
385 991 545 1076 judicare
563 993 614 1058 sia
629 993 874 1062 conueniente.

299 1109 354 1175 De
370 1109 473 1175 Mtro.
490 1107 644 1176 Adriano
661 1111 686 1191 ³,
707 1107 733 1176 s'
748 1109 891 1176 intende
906 1110 935 1176 si
952 1110 1057 1176 staria
1072 1109 1201 1196 meglio
1217 1110 1350 1178 altroue
1366 1111 1423 1176 ch’
1436 1108 1473 1175 in

232 1225 389 1303 Ferrara,
409 1223 438 1290 si
461 1225 560 1310 potra
582 1225 736 1292 mutarsi.
760 1225 806 1293 Di
827 1227 973 1292 Genoua
1000 1247 1101 1312 spero
1127 1227 1329 1293 haueranno
1356 1238 1475 1313 presto

232 1339 332 1406 auiso
348 1339 377 1405 si
394 1340 474 1424 quel
489 1339 561 1408 aria
576 1339 599 1406 li
617 1340 723 1407 sarria
738 1343 842 1422 bona,
858 1341 984 1427 perche
998 1345 1019 1408 l’
1034 1345 1080 1408 ho
1089 1343 1208 1409 scritto
1221 1344 1253 1408 ai
1268 1343 1381 1410 Padre
1392 1363 1472 1429 pro·

234 1454 391 1523 uintiale.
415 1454 453 1524 si
469 1477 586 1540 ponno
602 1455 704 1523 etiam
721 1456 897 1523 informar'
912 1456 946 1522 in
963 1459 1120 1525 Ferrara.

300 1573 366 1638 Del
382 1569 511 1637 visitar'
530 1571 553 1637 il
570 1573 688 1660 legato
704 1573 761 1639 del
776 1574 866 1639 duca
878 1583 914 1640 et
927 1577 1036 1640 anche
1049 1574 1073 1640 il
1085 1577 1265 1642 veschouo
1278 1573 1473 1642 Tudeschi·

232 1708 280 1754 no
296 1687 322 1766 ⁴,
337 1686 366 1753 si
383 1687 508 1755 vedera
525 1688 560 1752 di
579 1689 629 1754 far
645 1689 668 1753 l'
686 1688 807 1755 osfitio.

300 1801 401 1869 Circa
417 1803 440 1868 l’
459 1805 577 1869 andar'
595 1825 616 1870 o
633 1825 705 1871 non
721 1805 840 1870 andar’
859 1805 920 1890 piri
936 1827 1055 1892 spesso
1071 1829 1092 1872 a
1113 1827 1211 1872 cassa
1232 1805 1267 1872 di
1289 1807 1402 1891 quella
1423 1805 1471 1872 si·

231 1940 343 2006 gnora
358 1920 485 1988 deuota
502 1919 514 1954 ⁸
532 1922 576 1990 V.
595 1923 652 2001 R.‚
672 1921 834 1990 euitando
851 1921 936 2008 ogni
951 1921 1060 2007 spetie
1077 1944 1098 1988 o
1113 1922 1313 2008 apparentia
1328 1923 1363 1988 di
1380 1922 1481 1989 malo-

232 2033 415 2120 essempio,
439 2036 536 2122 potra
559 2038 619 2102 far'
642 2057 741 2103 como
763 2037 786 2102 li
807 2037 940 2122 parera3
965 2059 1019 2103 ma
1041 2038 1100 2123 gia
1116 2039 1162 2104 ha
1178 2037 1289 2106 inteso
1305 2039 1337 2103 la
1353 2047 1470 2106 mente

234 2151 278 2217 de
295 2152 339 2217 N.
362 2153 402 2218 P.
955 2221 959 2227 .

299 2268 380 2334 Non
395 2269 495 2348 altro,
513 2267 542 2336 si
560 2291 630 2336 non
647 2272 711 2335 che
727 2268 849 2336 stiamo
865 2270 956 2335 bene
972 2281 1007 2338 et
1023 2270 1054 2335 ci
1072 2270 1369 2338 raccomaudiamo
1387 2270 1470 2336 tutti

230 2383 287 2448 all’
304 2381 453 2449 orationi
469 2384 514 2452 de
530 2385 577 2451 V.
603 2386 644 2451 R.

298 2499 358 2568 Sia
370 2501 454 2588 Jesir
471 2502 564 2585 Xp0.
584 2500 665 2567 nelli
681 2500 778 2567 cuori
796 2500 916 2567 nostri.
937 2503 1063 2568 Amen.

298 2615 344 2680 Di
360 2617 469 2683 Roma
485 2617 533 2683 XI
550 2618 593 2684 de
611 2617 808 2684 Nouembre
829 2633 927 2701 1553.

299 2730 494 2818 Inscriptio.
512 2733 668 2814 Ferrato,
688 2734 884 2802 Pelletari0.

282 2955 294 2986 ³
332 2954 483 3012 Adrianus
494 2955 657 3012 Candidus.

281 3047 294 3078 ⁴
331 3045 462 3117 «Capitis
484 3046 590 3102 istriae
609 3046 784 3118 Episcopus,
802 3063 890 3120 quem
911 3048 1001 3118 vulgo
1029 3047 1246 3102 Todeschiaum
1268 3046 1473 3118 appellabant,

227 3131 317 3188 viria
331 3133 519 3205 praedicandi
534 3152 656 3190 munere
669 3136 742 3191 eatis
756 3137 787 3191 in
805 3135 890 3190 Italia
908 3135 1047 3206 insignis,
1064 3153 1131 3191 cum
1146 3134 1310 3190 Ferrariam
1323 3135 1469 3206 venisset,

227 3239 245 3276 a
257 3221 292 3278 P.
307 3223 466 3280 Pelletarlo
480 3226 625 3280 salutatus
638 3232 696 3295 est,
714 3233 745 3279 et
761 3225 798 3280 ad
816 3223 983 3297 Collegium
1002 3224 1066 3297 ipae
1085 3234 1117 3281 ut
1130 3233 1247 3280 nostros
1261 3224 1405 3280 inviseret
1418 3241 1472 3280 ve·

227 3311 282 3382 uit;
296 3319 328 3366 et
340 3312 393 3368 vix
405 3312 465 3370 dici
478 3321 578 3385 potest
595 3322 707 3387 quanto
723 3313 834 3370 affectu
853 3331 903 3370 res
921 3313 1079 3370 Societatis
1097 3315 1266 3380 extolleret,
1284 3329 1319 3368 ac
1336 3313 1468 3369 divinam

228 3401 442 3475 providentiam
457 3403 596 3458 laudabat
610 3404 689 3476 quod
707 3403 876 3459 infelicibus
890 3403 949 3458 illis
963 3403 1147 3475 temporibus
1160 3404 1236 3458 hanc
1249 3401 1467 3461 Societatem...

227 3495 430 3550 suscitasset.»
452 3495 635 3564 POLANCUS,
653 3495 777 3560 Chron„
802 3495 853 3566 111,
876 3507 935 3565 172.
962 3496 1050 3550 Porro
1068 3495 1208 3566 egregius
1226 3495 1339 3566 Capitis
1353 3493 1467 3565 Istriae,

226 3585 292 3638 sive
303 3583 508 3655 justinopolis,
520 3585 687 3656 episcopus,
698 3584 736 3639 de
749 3601 807 3657 quo
817 3585 925 3655 agitur,
940 3594 1004 3639 erat
1013 3585 1142 3639 Thomas
1156 3583 1260 3650 Stella,
1271 3581 1310 3641 Ο.
1322 3583 1367 3650 Ρ.,
1379 3599 1470 3654 quem

227 3673 334 3729 merito
348 3673 447 3729 laudat
463 3670 528 3742 Pro,
545 3674 631 3730 Delle
645 3676 706 3730 vite
724 3677 760 3730 de
772 3675 823 3747 gli
835 3676 975 3731 huomini
994 3675 1113 3729 illustri
1124 3675 1161 3729 da
1180 3675 1211 3729 S.
1224 3673 1401 3732 Domenico.
1417 3673 1469 3728 Se·

226 3760 320 3816 conda
334 3769 429 3832 parte,
444 3763 501 3821 col.
516 3761 579 3830 248.

281 3853 293 3884 ⁵
330 3851 421 3908 Maria
435 3853 579 3907 Frassona
592 3851 640 3907 det
653 3851 763 3925 Gesso,
777 3853 814 3908 de
825 3871 882 3925 qua
896 3871 984 3925 supra
997 3853 1128 3924 egimus
