3567 5409
815 404 1024 462 Mouuuaurn
1042 406 1226 465 lanarum

963 560 1067 643 tttt

579 689 583 695 ’
631 716 790 813 parur
823 719 1117 789 reouaroo
1150 720 1406 831 Keslsetro

790 883 879 927 norm
893 872 929 928 28
941 884 1125 959 novaturus
1145 870 1213 944 ¹55³
1226 872 1246 931 ¹.

402 1000 524 1059 Gaudet
539 1004 620 1074 quod
635 1003 728 1077 postia
744 1007 864 1063 suavita
878 1007 1133 1065 desinat-Socii
1152 1006 1277 1063 Colonia
1293 1006 1381 1063 misai
1397 1007 1466 1063 dana
1481 1006 1626 1063 munt.-

388 1161 391 1165 4
456 1092 629 1149 Lectionum
641 1098 672 1151 et
678 1095 924 1167 disputationum
934 1097 1094 1173 catologus
1106 1096 1427 1156 minirum-Litterae
1436 1096 1564 1153 caladia
1573 1112 1628 1151 car

454 1183 488 1237 in
501 1182 635 1238 latinum
647 1199 815 1240 tarmonem
828 1202 988 1242 conversat
1004 1204 1064 1241 non
1079 1190 1161 1241 sunt.-
1175 1185 1298 1242 italica
1316 1186 1400 1241 mitti
1415 1182 1628 1256 ponunt-Dc

448 1271 598 1346 jubilaeo.

383 1392 387 1399 ¹
472 1406 546 1473 Pax
562 1407 706 1475 Christi.
867 1475 872 1483 ,

470 1522 681 1593 Charissime
699 1527 802 1593 Pater
816 1525 955 1594 domine
972 1526 1163 1593 Leonarde.

473 1638 620 1721 Literae,
647 1639 770 1708 ultimo
793 1651 957 1728 acceptae
980 1663 999 1707 a
1024 1642 1068 1709 V.
1095 1643 1151 1723 R,
1177 1659 1199 1723 4
1221 1654 1255 1709 et
1283 1640 1403 1707 ultima
1425 1637 1630 1726 Septembris

403 1752 554 1841 scriptae
568 1766 663 1822 sunt.
681 1754 819 1824 Gratias
835 1755 972 1844 agimus
988 1759 1064 1825 Deo
1081 1756 1173 1842 quod
1185 1778 1246 1843 per
1257 1756 1332 1824 eius
1344 1754 1488 1842 gratiam
1499 1752 1630 1821 desinat

401 1871 512 1960 pestis
527 1870 673 1953 saeuire3
691 1882 727 1937 et
742 1894 811 1957 quo
827 1872 938 1959 magis
958 1876 1079 1958 hyems
1092 1872 1353 1959 progredietur,
1376 1870 1557 1939 uerisimile
1577 1880 1630 1939 est

404 1982 520 2051 minus
537 1984 630 2053 illam
646 2008 722 2055 esse
744 1986 965 2056 saeuituram.

472 2100 639 2169 Valemus
658 2104 798 2185 Rornae,
816 2114 852 2169 et
869 2102 975 2172 uestri
998 2102 1223 2171 colonienses.
1251 2104 1345 2191 Mag.
1367 2102 1566 2171 Gerardus²
1593 2111 1628 2167 et

406 2218 504 2309 Mag.
520 2216 751 2285 Franciscus⁸
768 2218 975 2306 theologiae,
990 2222 1085 2306 Mag.
1105 2240 1188 2287 uero
1199 2221 1352 2309 Joannes
1367 2216 1468 2287 Rieth
1481 2216 1629 2304 philoso-

382 2416 385 2422 =
405 2331 520 2419 phiae,
538 2332 623 2400 dant
638 2355 788 2420 operam3
806 2334 945 2402 ultimus
956 2334 1047 2402 enim
1061 2334 1242 2403 uidebatur
1253 2333 1410 2421 indigere
1420 2332 1630 2403 exercitatio·

404 2470 451 2515 ne
467 2449 589 2516 maiori
605 2448 640 2517 in
656 2449 883 2537 philosophia;
902 2450 1058 2539 proximo
1073 2471 1165 2519 anuo
1176 2450 1384 2518 curriculum
1399 2450 1630 2535 theologicum

381 2626 384 2631 .
405 2562 596 2637 inchoabit.
659 2640 666 2653 ·

474 2681 528 2749 De
542 2680 730 2750 lectionum
747 2703 788 2749 ac
803 2682 1072 2769 disputationum
1085 2682 1216 2751 ratione
1228 2694 1255 2766 ⁸,
1270 2702 1463 2771 percarum
1479 2680 1631 2748 cathalo-

406 2816 503 2882 gum,
523 2795 603 2865 licet
626 2797 791 2879 italicum,
809 2799 854 2865 V.
878 2800 920 2865 R.
943 2798 1127 2885 intelliget.
1149 2796 1250 2867 Mitto
1270 2793 1373 2869 etiam
1394 2796 1632 2865 conclusiones

405 2922 442 2979 et
453 2913 647 2999 exemplum
659 2913 884 2999 quarumdam
898 2914 1085 2996 literarum,
1102 2916 1141 2981 P.
1158 2913 1331 2981 Adriano*
1344 2911 1631 2991 transmissarum,

376 3012 379 3017 ¹
408 3028 500 3095 unde
516 3029 636 3109 multa,
655 3049 744 3113 quae
759 3050 916 3098 seorsum
933 3030 1113 3097 scribenda
1131 3012 1287 3111 fuissent,
1306 3028 1494 3114 intelliges.

379 3143 383 3148 ’
475 3142 609 3211 Literas
636 3143 767 3212 indicas
795 3166 855 3233 per
880 3132 1125 3233 occupationes
1154 3165 1223 3227 non
1250 3144 1353 3211 datur
1383 3141 1635 3211 commoditas*

409 3258 568 3327 uertendi
584 3258 620 3327 in
635 3259 778 3328 latinum
796 3281 1001 3345 sermonem
1020 3258 1049 3327 si
1069 3260 1204 3328 italicae
1219 3262 1366 3347 placent,
1390 3280 1454 3327 nos
1475 3258 1635 3341 admone,

349 3441 354 3462 ,
410 3376 528 3457 Pater;
547 3374 682 3445 interim
695 3377 725 3443 si
740 3376 831 3445 uerti
846 3388 1020 3463 poterunt,
1040 3370 1161 3446 uersae
1177 3375 1365 3445 mittentur.

477 3492 565 3560 Vale
580 3491 615 3557 in
632 3492 808 3582 X.⁰Jesu.

477 3607 647 3675 Mittimus
669 3608 773 3675 etiam
792 3608 975 3695 jubileum,
1001 3630 1021 3675 a
1045 3630 1180 3677 summo
1207 3608 1369 3696 pontifice
1395 3628 1598 3676 concessum
1611 3610 1637 3687 ⁸,

409 3724 503 3809 quod
518 3721 778 3811 publicandum,
794 3726 1004 3794 conterendo
1016 3746 1095 3791 cum
1112 3724 1239 3792 vicario
1256 3723 1344 3791 Rmi.
1363 3722 1639 3811 archiepiscopi‘
1765 3716 1766 3719 ’

409 3837 452 3926 (si
467 3838 558 3906 absit
572 3838 671 3925 ipse),
690 3841 737 3910 V.
756 3842 797 3907 R.
815 3840 961 3909 curabit.

377 3973 382 3980 ·
480 3956 608 4022 Romae
625 3957 668 4022 28
685 3955 895 4023 Nouembris
920 3972 1017 4041 1553.

372 4064 376 4069 ’
480 4073 680 4157 Inscriptio.
698 4071 854 4153 Colonia,
872 4072 906 4139 al
929 4074 969 4140 P.
989 4072 1170 4142 Llonardo.

413 4194 629 4208 ———

465 4260 480 4288 ι
516 4243 661 4300 rationem
674 4260 730 4299 ms.
769 4245 820 4287 -b
838 4240 1089 4301 conmoditasmt.

469 4389 476 4421 ¹
515 4389 560 4443 Ex
572 4388 676 4444 codice
693 4388 812 4462 Regaat.
827 4388 852 4457 I,
867 4387 919 4447 iol.
936 4401 1019 4459 215r.

467 4480 479 4514 ¹
514 4478 666 4536 Gerardus
678 4476 822 4535 Brassica.
837 4479 1020 4550 tornacus,
1036 4476 1161 4553 Chron„
1175 4476 1227 4551 111,
1241 4489 1270 4549 7.

469 4570 481 4601 ⁸
518 4566 694 4624 Franciscus
707 4567 860 4627 Costerus.
919 4570 930 4602 ⁴
968 4566 1099 4625 Adriano
1113 4566 1246 4626 Adriani.
1261 4564 1338 4623 Vide
1355 4566 1511 4639 epistolam
1520 4564 1600 4635 3944.

469 4660 481 4693 ⁸
518 4658 595 4715 Vide
608 4658 765 4732 epistolam
778 4655 860 4729 3931.
917 4661 929 4695 ⁸
967 4656 1094 4732 Adolphi
1108 4656 1354 4729 Schtueuburgli.
