3567 5409
785 438 995 494 Mouuuaurs
1015 438 1193 492 lentamur

910 594 1017 673 3927
1028 590 1074 645 ors

708 738 824 803 REX
861 735 1261 802 ROMANORUM

601 867 756 923 PATRI
782 864 1008 923 IGNATIO
1040 868 1103 923 DE
1129 865 1334 926 LOYOLA

750 996 871 1039 vianna
889 1001 906 1053 4
924 996 1107 1040 novarianis
1123 982 1191 1052 1553
1204 984 1225 1039 ¹.
1281 951 1286 975 ⁴

367 1103 466 1158 Enixa
477 1102 636 1175 ignatium
646 1105 738 1173 rogat
747 1117 785 1155 rte
797 1117 980 1171 quemquam
994 1118 1009 1155 e
1021 1099 1110 1155 sociis
1126 1100 1258 1156 Viennae
1267 1100 1444 1173 degentibus
1453 1098 1529 1153 uelit
1538 1096 1618 1151 inde

465 1192 621 1258 deducere,
634 1191 708 1261 quin
721 1190 817 1245 immo
828 1206 933 1245 corum
947 1206 1110 1244 numerum
1123 1206 1236 1261 augere
1249 1190 1283 1243 in
1295 1190 1360 1244 dies
1371 1191 1509 1261 satagat.

431 1317 658 1389 Ferdinandus‚
683 1317 791 1375 diuina
814 1315 940 1375 fauente
965 1316 1139 1387 clementia,
1163 1316 1386 1388 Romanorum,
1412 1314 1615 1391 Hungariae,

371 1424 552 1495 bohemiae,
567 1435 638 1495 etc,
653 1441 720 1483 rex.

430 1532 642 1602 Honorabilis,
655 1532 812 1609 religiose,
826 1531 943 1591 deuote
959 1532 1060 1603 nobis,
1075 1531 1198 1589 dilecte.

428 1640 566 1697 Allatum
581 1639 620 1697 ad
632 1656 690 1697 nos
704 1647 762 1711 est,
774 1640 927 1712 quosdam
940 1640 1021 1699 velle
1031 1640 1088 1697 tibi
1100 1640 1296 1713 persuadere,
1307 1652 1341 1697 vt
1352 1639 1425 1696 hinc
1438 1638 1614 1695 nonnullos

367 1754 401 1805 et
415 1748 554 1821 potiores
569 1764 611 1805 ex
625 1746 768 1805 fratribus
782 1747 843 1805 tuis
857 1746 950 1806 huius
964 1744 1130 1805 Societatis
1145 1746 1279 1805 nominis
1290 1746 1363 1819 Jesu
1377 1746 1469 1803 tollas
1484 1752 1517 1802 et
1532 1762 1613 1803 auo·

367 1870 422 1912 ces
436 1863 532 1929 atque
547 1855 694 1914 aliorsum
708 1855 885 1913 transferas.
900 1853 995 1929 Quod
1009 1854 1158 1927 equidem
1173 1854 1199 1910 si
1214 1854 1311 1925 fieret,
1327 1852 1418 1911 nobis
1438 1852 1525 1910 haud
1540 1870 1615 1929 gra·

367 1969 434 2019 tum
449 1962 538 2033 foret;
554 1960 643 2019 facile
654 1962 739 2019 enirn
753 1961 955 2039 intelligimus
969 1978 1063 2034 quam
1077 1960 1178 2018 aliena
1192 1977 1242 2017 res
1257 1960 1336 2018 foret
1351 1960 1429 2017 haec
1446 1978 1464 2017 a
1479 1976 1613 2017 conser-

370 2070 497 2129 uatione
513 2076 544 2127 et
558 2070 784 2146 propagatione
799 2068 958 2145 religionis
971 2074 1142 2141 nostraeet
1156 2068 1374 2126 aedificatione
1390 2068 1507 2141 piaque
1522 2067 1615 2123 insti-

369 2177 490 2234 tutione
502 2176 685 2250 juuentutis‚
700 2175 806 2233 habita
817 2176 937 2234 ratione
953 2176 1062 2249 optimi
1073 2175 1278 2246 fundamenti,
1290 2175 1375 2249 quod
1388 2176 1449 2233 iam
1462 2174 1615 2232 catholici

371 2284 421 2340 isti
434 2283 491 2341 vlri
507 2284 538 2340 in
553 2284 613 2342 hac
626 2284 703 2342 vrbe
718 2292 833 2355 nostra,
846 2291 913 2341 tum
928 2300 1003 2341 sana
1017 2292 1049 2341 et
1062 2284 1112 2357 pia
1127 2282 1270 2341 doctrina
1284 2300 1339 2342 sua
1358 2284 1389 2341 in
1404 2289 1559 2358 suggestu
1579 2292 1615 2340 et

370 2391 496 2461 scholiS,
507 2398 573 2449 tum
584 2390 734 2464 probatae
745 2398 840 2463 atque
850 2391 1029 2463 inculpatae
1040 2391 1123 2448 vitae
1135 2407 1211 2448 suae
1222 2390 1369 2464 exemplo
1381 2391 1531 2448 iecerunt.
1547 2388 1614 2460 Qui

371 2514 448 2554 sane
462 2506 497 2555 ut
511 2498 542 2555 in
562 2504 722 2572 posterum
741 2514 867 2571 quoque
886 2498 960 2555 hinc
979 2514 1042 2554 non
1062 2504 1274 2568 amoueautur,
1292 2498 1350 2555 sed
1368 2498 1474 2571 potius
1493 2514 1615 2573 magno

370 2604 474 2663 studio
489 2604 662 2676 foueantur,
677 2604 987 2677 interteneantutque
1002 2604 1042 2662 ad
1057 2606 1328 2663 conseruationem
1342 2612 1436 2677 atque
1455 2620 1613 2680 propaga-

368 2713 488 2770 tionem
513 2721 639 2771 sanctae
659 2712 855 2770 orthodoxae
873 2711 1031 2787 religionis
1049 2718 1180 2784 nostrae,
1202 2730 1266 2769 non
1282 2713 1383 2769 solum
1397 2712 1429 2768 in
1445 2712 1505 2768 hac
1521 2718 1612 2768 ante-

371 2819 454 2878 dicta
464 2819 591 2878 ciuitate
606 2824 712 2877 nostra
722 2819 886 2876 viennensi
903 2826 935 2876 et
948 2818 1014 2891 aliis
1028 2820 1210 2893 propinquis
1224 2810 1392 2892 prouinciis
1408 2820 1534 2889 nostris,
1553 2836 1613 2876 ve-

372 2944 439 2984 rum
450 2927 544 2985 etiam
555 2928 588 2984 in
599 2926 729 2984 caeteris
739 2926 943 2984 conterminis
953 2927 1058 3002 regnis
1069 2942 1104 2984 ac
1123 2926 1302 3000 prouinciis,
1315 2926 1346 2983 in
1359 2942 1493 2999 quorum
1502 2926 1612 2984 medio

324 3038 334 3055 ‘
372 3033 497 3091 Vienna
511 3042 661 3108 tanquam
675 3040 816 3092 centrum
830 3034 890 3091 sita
906 3040 963 3105 est,
977 3050 1166 3111 magnopere
1180 3032 1330 3107 proderit,
1348 3034 1611 3107 quandoquidem

369 3142 501 3199 studiosi
510 3142 676 3200 scholares
691 3157 753 3199 non
769 3141 870 3199 solum
884 3158 928 3197 ex
943 3140 1219 3215 propinquioribus
1233 3140 1318 3213 lucie,
1332 3156 1441 3199 verum
1457 3144 1551 3199 etiam
1566 3159 1612 3199 ex

372 3250 440 3306 aliis
454 3249 655 3307 conterminis
669 3248 775 3324 regnis
790 3257 823 3306 et
836 3247 983 3305 dominiis
1003 3246 1042 3305 ad
1062 3248 1143 3305 hanc
1159 3249 1350 3307 academiam
1370 3250 1401 3306 in
1421 3266 1536 3326 magua
1551 3250 1613 3307 fre-

369 3356 501 3429 quentia
515 3357 672 3414 confluere
687 3356 798 3428 solent,
814 3353 930 3429 quibus
944 3362 975 3412 et
992 3372 1050 3412 nos
1065 3356 1127 3413 huc
1141 3356 1289 3415 ueniendi
1304 3358 1364 3415 iam
1380 3359 1541 3416 stimulum
1555 3358 1612 3415 ad·

372 3462 484 3533 dimus,
496 3464 579 3522 circa
590 3464 841 3521 reformationem
856 3462 1054 3521 accademiae
1070 3464 1173 3535 huiuS,
1187 3473 1221 3521 et
1235 3464 1368 3539 plurium
1383 3464 1612 3539 stipendiorum

369 3572 572 3628 collationem
588 3579 622 3629 et
632 3570 847 3628 fundationem
858 3587 942 3628 nunc
956 3578 1125 3628 versantes.
1142 3570 1231 3644 Quae
1247 3571 1351 3629 omnia
1365 3572 1391 3629 si
1411 3581 1525 3631 exacte
1540 3590 1613 3647 per-

372 3676 537 3751 penderes,
559 3679 693 3750 ipsemet
713 3678 804 3736 facile
824 3678 949 3735 uidebis
971 3677 1046 3735 istos
1068 3678 1176 3736 fratres
1198 3686 1279 3750 tuos,
1303 3680 1372 3753 pios
1391 3686 1424 3737 et
1437 3680 1614 3739 catholicos

373 3785 467 3856 uiros,
481 3785 532 3842 hic
544 3786 728 3857 existentes,
740 3801 873 3858 quorum
884 3802 999 3844 nomen
1012 3800 1094 3843 nunc
1105 3802 1162 3859 per
1173 3802 1380 3859 quaecunque
1396 3786 1529 3845 finitima
1544 3788 1615 3847 looe

372 3909 437 3949 non
451 3891 572 3965 absque
586 3910 701 3970 magno
715 3892 886 3951 animarum
901 3893 988 3950 luero
1004 3893 1060 3969 (vti
1074 3892 1249 3971 speramus)
1268 3893 1481 3965 increbrescit,
1501 3894 1613 3953 nullibi

374 3999 438 4057 fere
453 4001 524 4073 plus
538 4016 632 4072 quam
647 4000 697 4057 hic
711 4000 864 4074 proficere
877 4016 983 4073 posse.
999 3998 1059 4073 Qui
1075 4000 1101 4057 si
1123 4000 1196 4059 alibi
1216 4010 1329 4073 essent,
1345 4009 1430 4060 certe
1444 4002 1530 4060 illinc
1545 4002 1612 4061 tolli

371 4115 406 4163 et
419 4109 481 4165 huc
496 4107 640 4165 collocari
655 4107 819 4180 deberent,
834 4109 951 4166 nedum
966 4116 1000 4166 ut
1014 4109 1086 4167 hinc
1101 4109 1161 4167 alio
1176 4109 1406 4168 transferantur.

435 4213 595 4286 Quantum
605 4214 645 4273 acl
653 4223 790 4273 nostram
801 4214 1027 4290 protectionem
1038 4222 1070 4274 et
1080 4234 1172 4290 opem
1186 4217 1428 4289 attinet,nemiui
1440 4218 1612 4292 quicquam

372 4329 422 4379 est
436 4321 653 4395 dubitandum,
668 4323 743 4397 quin
758 4323 879 4382 illorum
893 4323 1069 4383 doctrinam
1084 4330 1116 4382 et
1130 4325 1231 4382 studia
1248 4342 1368 4383 summa
1386 4325 1549 4403 diligentia
1569 4328 1613 4385 si·

373 4447 443 4487 mus
458 4432 636 4505 promoturi.
652 4429 775 4503 Quibus
790 4432 974 4506 propediem
990 4440 1021 4489 et
1034 4432 1111 4490 citra
1129 4450 1248 4491 moram
1267 4433 1522 4509 consignabimus
1541 4452 1612 4493 mo-

427 4594 433 4621 *
473 4591 517 4644 Ex
537 4591 698 4662 archetypo
718 4590 749 4645 in
769 4590 984 4661 codice-Epist.
1005 4592 1140 4663 princip.
1165 4590 1374 4664 (15464599),
1399 4607 1415 4647 2
1438 4592 1482 4666 ft,
1507 4582 1536 4649 h.
1566 4594 1610 4669 13,

372 4680 466 4751 antiq.
482 4693 545 4750 291.
