3567 5409
365 417 419 473 462
737 403 951 461 'Mortuum
970 403 1150 460 Isnsrrsnn

330 554 488 642 bisogno.
509 558 623 624 Peneo
638 554 667 621 si
683 556 892 623 acorderano
910 556 961 622 fra
977 553 1058 623 tutti
1077 555 1122 621 de
1145 554 1241 623 uenit
1257 576 1318 641 per
1337 575 1432 622 mare
1451 552 1555 621 insin'

331 693 351 738 a
366 674 526 751 Ancona,
545 682 579 739 et
596 673 687 739 forsa
702 673 767 738 che
782 673 895 740 anche
911 682 1034 758 questo
1049 670 1073 737 li
1088 670 1243 758 giouera.

398 786 502 854 Circa
517 786 666 855 Gioanni
688 786 714 867 ⁴,
737 788 782 855 N.
802 788 843 855 P.
862 809 932 854 non
952 808 990 855 se
1005 786 1020 827 s
1035 786 1163 857 risolue
1183 790 1228 854 ad
1252 788 1353 867 altro,
1381 808 1419 855 se
1446 806 1516 853 non
1538 809 1559 851 a

332 903 447 989 quello
462 905 528 970 che
542 902 664 989 prima.
682 904 759 971 Con
774 902 1003 989 intelligentia
1019 904 1087 972 che
1104 903 1196 971 tiene
1212 903 1271 970 fin'
1287 924 1309 969 a
1324 924 1380 968 rno
1394 912 1421 982 ⁶,
1440 902 1562 988 pare-li

333 1018 539 1091 essercitii·1i
560 1016 788 1111 gioueria{no]
810 1018 914 1099 assai,
936 1029 972 1087 et
994 1020 1079 1087 farlo
1099 1040 1245 1106 capacce
1263 1018 1366 1087 etiam
1388 1018 1479 1087 delle
1497 1039 1564 1085 sue

333 1134 527 1215 tentationi;
545 1136 685 1223 perche,
704 1134 777 1203 dire
793 1135 938 1203 bastano
952 1135 977 1201 li
992 1134 1149 1221 preeetti,
1171 1135 1328 1203 chiaroe
1350 1137 1416 1201 che
1435 1134 1559 1221 perlui

331 1272 400 1319 non
416 1252 573 1331 bastan0,
592 1252 636 1317 ne
651 1272 711 1337 per
726 1252 855 1317 huomo
870 1253 927 1319 ch'
945 1250 987 1342 [ὲ]
1003 1250 1169 1338 inspirato
1184 1252 1229 1318 da
1244 1250 1311 1318 Dio
1325 1250 1392 1317 alla
1407 1248 1466 1316 uia
1479 1250 1562 1316 delli

331 1364 510 1453 conseglii,
534 1365 692 1435 massime
711 1368 858 1435 essendo
881 1365 1046 1454 obligato.
1070 1367 1134 1438 Dir
1155 1368 1222 1434 che
1248 1388 1319 1433 non
1345 1370 1416 1452 pub
1442 1385 1565 1433 sermr

333 1483 452 1571 regole
467 1482 511 1551 ne
532 1482 653 1564 odirle,
670 1483 688 1549 ὲ
704 1482 812 1569 cierto
833 1484 899 1551 che
918 1504 989 1550 non
1008 1504 1079 1551 son·
1091 1484 1221 1569 parolle
1241 1503 1315 1559 sue,
1341 1504 1397 1549 ma
1419 1481 1477 1551 del
1499 1481 1562 1549 de-

332 1598 460 1681 monio,
478 1598 537 1683 qui
554 1599 702 1667 mendax
717 1610 785 1679 est,
807 1609 843 1665 et
862 1612 960 1687 pater
976 1597 991 1639 ‘¹
1013 1597 1195 1667 mendacii.
1220 1600 1264 1665 Et
1279 1620 1360 1667 cose
1376 1598 1483 1665 molto
1503 1596 1567 1683 pin

332 1714 434 1802 graui
449 1716 642 1782 obseruano
658 1714 781 1782 soldati
796 1725 831 1783 et
847 1713 1006 1784 seruitori
1022 1726 1058 1783 et
1078 1714 1111 1782 la
1130 1715 1289 1802 maggior
1309 1724 1406 1803 parte
1420 1714 1465 1781 de
1481 1712 1564 1779 tutti

331 1830 531 1898 lisecolari.
554 1830 617 1897 Dir
638 1832 703 1899 ebe
724 1851 793 1897 non
820 1833 891 1918 pub
918 1852 1036 1901 seruar
1059 1830 1183 1899 castita
1205 1832 1349 1898 sarebbe
1373 1829 1498 1911 erezia3
1528 1843 1570 1899 et

332 1946 416 2035 ogni
433 1946 535 2013 modo
551 1958 564 1987 ⁰
580 1968 649 2012 non
665 1946 869 2014 seruandola
884 1947 1009 2014 dentro
1026 1967 1047 2012 o
1065 1946 1222 2025 suorade
1237 1945 1404 2033 religione
1418 1945 1565 2015 sarebbe

332 2082 396 2130 sua
412 2061 672 2130 condenatione.
692 2061 777 2130 Dire
793 2061 896 2131 etiarn
919 2064 987 2130 che
1010 2082 1080 2128 non
1101 2063 1204 2131 uuole
1227 2061 1344 2132 uiuere
1363 2062 1409 2129 de
1424 2060 1506 2128 beni
1519 2062 1569 2130 de

334 2177 463 2259 chiesa,
481 2200 538 2245 ma
557 2179 645 2244 delle
665 2198 729 2247 sue
750 2176 890 2260 fatiche,
916 2178 1018 2246 etiarn
1043 2178 1062 2247 ὲ
1086 2178 1215 2265 pazzia,
1240 2181 1305 2247 cbe
1331 2199 1413 2265 pare
1438 2176 1566 2244 habbia

336 2305 442 2381 gusto
458 2294 501 2361 de
517 2293 766 2362 lutteranismo.
786 2296 863 2362 Non
881 2296 948 2363 che
970 2294 999 2361 si
1019 2294 1117 2381 pensi
1138 2296 1205 2363 che
1224 2294 1374 2362 Gioanni
1394 2293 1446 2361 sia
1466 2306 1572 2361 tocco

336 2409 370 2475 d'
388 2407 512 2490 erezia;
531 2428 587 2476 ma
602 2408 626 2475 it
641 2400 828 2477 medesimo
847 2410 1022 2491 demonio,
1048 2413 1115 2478 che
1138 2409 1194 2477 alli
1218 2408 1375 2479 herettici
1398 2410 1571 2496 persuade

338 2535 459 2609 queste
474 2524 590 2607 buxie,
610 2526 777 2611 persuade
794 2525 896 2595 etiam
912 2548 933 2593 a
951 2525 1014 2596 lui.
1036 2526 1150 2595 Credo
1171 2526 1204 2593 io
1224 2529 1293 2595 che
1308 2505 1381 2595 cosi
1401 2523 1522 2593 merita
1542 2524 1567 2591 it

338 2660 421 2726 pare
444 2639 501 2707 chi
528 2640 647 2707 lauora
667 2640 883 2728 insegnando
903 2640 992 2724 altri,
1015 2663 1114 2710 come
1134 2641 1189 2708 chi
1211 2642 1326 2709 lauora
1350 2641 1517 2708 faccendo
1542 2639 1572 2706 l*

337 2754 453 2822 officio
472 2756 563 2823 dello
583 2766 690 2825 serto.
713 2756 940 2841 Finalmente,
962 2777 1060 2825 come
1085 2759 1118 2825 la
1146 2756 1302 2843 tepideza
1322 2756 1346 2824 ti
1367 2758 1411 2823 ha
1426 2767 1565 2843 guasto.

339 2870 413 2940 cosi
430 2869 456 2937 il
471 2872 609 2941 feruore
624 2872 680 2940 del
695 2860 815 2958 spirito
830 2874 953 2959 puotri
972 2873 1186 2954 remediarlo,
1203 2883 1239 2940 et
1254 2893 1315 2960 per
1326 2883 1449 2959 questo
1459 2872 1573 2968 senri-

341 3008 426 3053 rano
443 2986 467 3053 li
482 2985 662 3070 essercitii‚
679 3007 778 3056 come
793 3010 883 3074 pare.

405 3100 449 3171 D'
467 3124 514 3169 un
530 3102 643 3171 Gioan
662 3102 808 3171 Battista
824 3105 992 3173 ferrareze
1008 3103 1040 3172 ci
1060 3105 1174 3172 scriue
1195 3104 1219 3170 il
1241 3106 1352 3173 Padre
1371 3102 1574 3171 comissario

339 3218 406 3285 che
426 3230 479 3285 sta
498 3218 601 3285 etiam
623 3218 729 3286 molto
757 3229 902 3289 tentato.
931 3222 1009 3287 Non
1037 3220 1190 3306 sapiamo
1211 3220 1241 3287 si
1261 3220 1279 3287 ὲ
1299 3230 1421 3306 questo
1441 3240 1463 3286 o
1485 3238 1575 3285 uero

340 3334 454 3420 quello
474 3337 539 3403 che
560 3333 590 3401 ci
620 3335 745 3405 mando
773 3356 833 3422 per
860 3335 1056 3421 spenditore
1085 3338 1109 3402 ⁵.
1139 3335 1198 3405 Sia
1226 3334 1470 3422 qualsiuoglia,
1500 3354 1573 3401 non

340 3451 469 3519 accede
484 3452 661 3519 mandarlo
676 3473 697 3518 a
713 3452 834 3532 Roma,
852 3473 908 3519 tna
924 3451 1120 3539 aggiutarlo
1139 3451 1174 3519 di
1189 3452 1235 3519 li.
1254 3453 1333 3520 Non
1348 3472 1389 3519 so
1403 3472 1440 3519 se
1454 3448 1576 3519 ‘forse

341 3569 518 3634 hauerano
534 3588 628 3637 meso
644 3568 710 3634 alla
725 3566 845 3635 cocina
861 3568 975 3655 quello
991 3571 1057 3635 che
1072 3570 1110 3635 fu
1127 3569 1288 3636 mandato
1308 3589 1371 3655 per
1389 3568 1572 3654 spendore,

343 3694 379 3751 et
396 3682 526 3751 seruire
543 3683 576 3749 in
594 3683 760 3751 sacristia.
781 3685 949 3754 Uenendo
963 3683 1064 3753 etiam
1081 3684 1107 3751 il
1123 3683 1235 3753 Padre
1250 3685 1320 3751 don
1340 3680 1474 3771 Elpidio
1488 3682 1578 3751 dara

343 3796 584 3867 informatione
599 3800 643 3867 de
658 3800 763 3868 molte
779 3821 870 3868 cose.
889 3800 928 3867 ln
944 3800 1098 3868 absentia
1113 3821 1177 3867 sua
1189 3802 1235 3870 V.
1249 3801 1291 3868 R.
1305 3800 1433 3868 haueri
1445 3800 1578 3866 lacurn

343 3914 410 3981 che
426 3912 475 3979 lui
487 3916 636 3985 haueua.

346 4114 554 4125 ..------.

381 4204 396 4245 b
433 4217 540 4258 cems.
580 4200 850 4262 -cfinaamomn
888 4201 1093 4275 -dpatrims
1132 4199 1370 4259 -emondomc
1407 4202 1576 4257 dcem.

347 4348 554 4363 -ι--ι-

397 4446 409 4478 ⁴
448 4444 581 4516 Joennes
596 4442 713 4511 onitin,
726 4445 774 4502 cui
788 4444 914 4519 epistola
926 4444 998 4517 3794
1009 4446 1193 4503 inscribitur.

402 4535 413 4568 ⁵
450 4532 537 4593 oGio.
552 4534 690 4606 Brittium,
703 4536 759 4591 che
772 4534 803 4591 iu
817 4534 954 4591 mandato
966 4535 996 4591 di
1008 4534 1103 4591 Roma
1115 4552 1167 4607 per
1177 4534 1373 4607 spenditor'...
1386 4534 1513 4591 &buono
1524 4552 1584 4609 per

346 4618 419 4693 ogni
432 4636 531 4677 cora.»
545 4621 579 4681 P.
593 4622 733 4679 Tevonus
746 4622 783 4681 ad
796 4621 954 4695 Ignatium,
969 4636 1002 4691 25
1015 4622 1085 4694 Maji
1100 4634 1178 4692 1554.
1192 4622 1290 4695 Epist.
1308 4622 1434 4688 Hirtiae,
1447 4622 1497 4694 w,
1512 4636 1583 4695 205.
