3567 5409
424 506 478 563 424
805 493 1014 549 Mommm
1031 492 1210 549 Inurum

391 642 553 714 mincia'to
569 670 589 715 a
604 646 807 734 degiunare,
825 646 1030 715 confessarsi
1044 660 1080 715 et
1094 646 1372 728 communicarsi,
1394 668 1492 715 come
1511 648 1557 715 V.
1575 648 1614 716 R.

390 770 482 829 toea.

456 879 502 948 Se
522 880 558 945 in
578 879 656 946 loco
675 878 711 945 di
731 878 881 948 Girardo
901 881 915 916 ⁰
939 900 1086 947 vortano
1113 876 1173 967 piri
1200 888 1316 966 presto
1339 900 1361 944 a
1384 880 1568 946 Theodoro
1589 882 1614 958 ¹,

390 994 508 1081 quello
523 993 558 1061 di
575 995 710 1082 Napoli‚
729 1018 790 1083 per
810 996 843 1063 la
863 995 972 1082 prima
993 994 1103 1063 classe
1123 996 1168 1065 de
1191 995 1361 1077 Palermo,
1384 993 1567 1063 scriuendo
1586 994 1618 1060 al

390 1100 632 1179 P.'Sa1meron
649 1112 678 1177 si
694 1112 766 1179 sari
782 1112 880 1179 detto
893 1111 1039 1180 cambio.
1425 1189 1427 1193 Ι

456 1228 592 1313 Questa
608 1228 729 1295 lettera
744 1248 806 1315 per
821 1229 992 1296 Monrreal
1008 1230 1021 1264 ⁸
1038 1227 1164 1294 mando
1179 1226 1204 1293 il
1221 1230 1262 1295 P.
1280 1228 1432 1313 [aynen
1446 1236 1481 1295 et
1492 1236 1617 1294 serrata

392 1340 420 1408 si
437 1341 560 1428 puotri
576 1345 669 1411 dare.

459 1460 538 1526 Non
554 1460 654 1539 altro,
672 1481 710 1528 se
726 1481 795 1525 non
810 1462 876 1527 che
892 1460 950 1526 ali’
967 1457 1113 1526 orationi
1129 1460 1174 1528 de
1196 1460 1242 1525 V.
1265 1460 1307 1526 R.
1330 1459 1437 1525 molto
1456 1456 1504 1523 mi
1524 1478 1616 1524 raco-

391 1574 518 1641 mando
533 1573 675 1643 insieme
690 1596 755 1642 con
772 1572 885 1658 qnelle
901 1574 981 1642 delli
998 1572 1075 1641 altri
1092 1573 1197 1641 Padri
1217 1584 1253 1641 et
1274 1573 1396 1641 fratelli
1416 1570 1613 1640 charissimi.

459 1690 525 1758 Fra
541 1688 630 1771 altri,
649 1692 714 1759 che
729 1689 764 1757 di
780 1712 847 1775 qua
868 1689 898 1756 si
917 1692 1140 1772 mandarano,
1158 1692 1235 1757 sar&
1250 1710 1297 1755 vn
1314 1690 1504 1769 sacerdote,
1522 1708 1615 1755 come

392 1809 509 1887 credo,
527 1817 562 1874 et
578 1806 752 1888 letterato,
769 1826 867 1875 come
883 1806 1069 1873 vederano.

459 1921 519 1992 Sia
530 1924 614 2011 Jesh
630 1921 695 1989 X.⁰
711 1921 747 1989 in
763 1922 910 2009 aggiuto
924 1933 961 1991 et
976 1925 1076 1990 fauor
1090 1932 1209 1989 nostro
1224 1920 1519 1992 continuamente.
1565 1934 1570 1950 ·

460 2036 505 2106 Di
522 2040 632 2106 Roma
648 2055 690 2121 27
706 2037 741 2104 d’
759 2040 897 2125 Agosto
917 2052 1014 2123 1553.
1088 2105 1091 2111 .

717 2154 879 2222 Mandate
896 2175 917 2220 a
933 2170 976 2237 27
991 2152 1026 2218 d'
1045 2154 1181 2239 Agosto
1201 2167 1299 2236 1553.

463 2271 658 2357 Inscriptio,
680 2270 848 2349 Palenno,
866 2269 890 2335 il
909 2269 1020 2338 Padre
1034 2270 1104 2336 don
1122 2268 1246 2336 Paulo.
1375 2274 1378 2279 '

972 2467 1051 2549 3711

610 2617 750 2685 111111
775 2615 936 2687 PAULO
959 2617 1151 2685 Acincu
1176 2619 1240 2685 nx
1263 2618 1414 2686 eorm.

808 2790 896 2834 norm
910 2790 946 2848 ²9
957 2789 1097 2834 nunusnr
1112 2774 1182 2849 1553
1195 2778 1217 2833 ¹.

398 2922 579 2996 Superiores
596 2923 714 2980 litteras
732 2923 1042 2979 commemorat-Do
1059 2922 1223 2979 omno
1242 2921 1381 2979 otivorio
1396 2920 1525 2993 aliisque
1538 2919 1617 2975 sociis

711 3010 1038 3085 aegrotantibus-De
1050 3012 1177 3067 haione
1192 3010 1313 3085 logices.

953 3158 1069 3245 Jesus.
1086 3164 1089 3167 ’

467 3319 541 3386 Pax
558 3315 615 3386 X!

466 3432 676 3503 Charissimo
693 3433 815 3501 Padre.

467 3550 566 3619 Hieri
580 3552 626 3617 ho
642 3548 762 3617 scritto
776 3572 798 3615 a
810 3550 856 3619 V.
870 3550 912 3617 R.
931 3548 958 3631 ¹,
972 3559 1006 3615 et
1019 3547 1143 3635 doppoi
1156 3547 1338 3615 habbiamo
1349 3548 1507 3617 riceuuto
1521 3548 1552 3613 le
1563 3563 1631 3638 soc¹

399 3666 443 3735 de
468 3684 508 3751 13
531 3687 551 3733 e
576 3685 616 3754 19
637 3664 694 3733 del
717 3674 887 3752 presente3
915 3675 950 3732 et
970 3664 1120 3730 anchora
1136 3684 1205 3729 non
1226 3663 1261 3730 sa
1279 3663 1453 3732 mentione
1469 3664 1505 3729 d'
1519 3662 1617 3728 hauer

400 3782 557 3851 riceuuta
572 3782 605 3848 ia
620 3780 759 3849 licentia
774 3780 819 3849 de
835 3780 1074 3867 promouendo
1089 3792 1187 3847 extra
1202 3789 1356 3867 tempora
1371 3802 1433 3865 per
1449 3782 1549 3849 Mtro.
1566 3773 1617 3842 Vr·

400 3896 520 3967 cencio
535 3895 733 3964 valentiano
750 3896 774 3962 ¹.

467 4012 566 4080 Circa
584 4011 608 4078 il
625 4014 665 4079 P.
685 4014 788 4081 Mtro.
808 4012 985 4080 Bernardo
1000 4012 1026 4091 ⁴,
1044 4010 1103 4095 qui
1115 4033 1161 4078 ua
1172 4010 1196 4077 il
1208 4031 1308 4098 parer
1319 4012 1373 4079 dei
1386 4013 1450 4079 Dr.
1465 4006 1615 4085 Torroe‘,

400 4182 599 4195 ——p--a

454 4302 466 4335 ⁰
502 4298 652 4356 Gerardus
665 4296 844 4369 Lapidanus.
1132 4300 1143 4331 ¹
1180 4294 1354 4351 Theodorus
1370 4294 1521 4351 Peltanus.

454 4392 466 4425 ⁸
503 4388 625 4444 Scilicet
636 4388 675 4444 ad
687 4387 902 4459 Hieronymum
915 4386 1057 4458 Seguera,
1072 4384 1231 4441 Societatis
1244 4384 1382 4445 amicum.

456 4574 465 4605 ¹
503 4570 548 4623 Ex
560 4567 662 4623 codice
675 4568 796 4640 Regest.
810 4566 837 4639 I,
850 4564 902 4621 iol.
918 4578 976 4652 ror.
1132 4568 1144 4599 ²
1181 4562 1258 4619 vide
1270 4563 1426 4638 epistolam
1439 4562 1614 4636 superiorem.

455 4662 467 4694 ⁸
504 4658 681 4715 Vincentius
693 4658 767 4714 Roa.
1134 4657 1146 4689 ⁴
1181 4652 1348 4709 Bernartius
1361 4651 1522 4713 Oliveriue.

453 4752 466 4786 ⁵
502 4748 536 4805 P.
551 4748 705 4804 Balthasar
715 4743 887 4819 Tunianus,
904 4744 1047 4816 medicus,
1059 4761 1154 4816 nuper
1166 4740 1333 4799 sacerdotio
1345 4740 1489 4801 initiatus.
