3567 5409
533 508 637 562 Ense.
658 505 997 576 3873-180010111110
1018 505 1088 578 1553

755 679 860 761 387⁰

434 823 746 890 EPlSCOPO
781 823 1183 892 CAPRULENSI

596 967 684 1010 30111
698 956 733 1010 28
745 967 905 1011 ocroears
917 953 987 1026 1553
1005 955 1026 1014 ¹.

197 1069 333 1143 Epistola
352 1069 496 1144 officiosa,
515 1071 718 1126 bumonitatis
735 1075 764 1126 ct
781 1071 1003 1128 benevolentiae
1020 1073 1120 1146 siguis
1136 1074 1429 1148 adspersu-opus

248 1164 293 1227 ut,
305 1161 560 1231 quemadmodum
576 1159 703 1215 Luinius
716 1152 850 1216 aduentu
862 1178 916 1215 suo
925 1162 1129 1232 genuensibus
1139 1163 1266 1235 placuit,
1280 1165 1323 1219 sic
1334 1166 1428 1220 etium

248 1249 402 1321 multoque
415 1250 517 1322 magis
526 1249 714 1304 concionibus
724 1255 752 1304 ei
762 1249 902 1322 operibus
910 1251 1124 1322 placcat-Dc
1130 1256 1276 1324 potestate
1284 1251 1429 1323 iilisuctu

249 1338 409 1394 lustrandi
420 1339 578 1394 dioecesim
591 1341 716 1412 gratius
729 1341 807 1412 ugit.

264 1465 364 1532 Rmo.
384 1467 495 1532 Mons.
515 1463 572 1532 nel
587 1463 715 1550 Signor
732 1475 850 1532 nostro
866 1465 1172 1534 osservandissimo
1188 1467 1214 1532 ¹.

263 1581 314 1648 La
329 1601 462 1648 summa
478 1579 588 1666 gratia
606 1590 641 1647 et
661 1602 756 1646 arnor
777 1593 896 1648 eterno
916 1581 961 1649 de
982 1580 1121 1648 Christo
1141 1583 1186 1649 N.
1209 1583 1246 1650 S.
1269 1581 1371 1648 saluti
1393 1593 1428 1649 et

200 1695 291 1764 uisiti
310 1697 352 1764 V.
371 1695 460 1767 Sria.
479 1716 542 1762 con
560 1695 638 1762 suoi
654 1695 840 1763 santissimi
858 1697 940 1763 doni
953 1709 988 1764 et
1000 1697 1113 1784 gratie
1125 1697 1305 1784 spirituali.

265 1812 375 1880 Molto
392 1809 436 1878 mi
453 1833 539 1878 sono
556 1812 741 1898 rallegrato
761 1813 817 1882 nel
839 1812 967 1900 Signor
989 1824 1117 1892 nostro,
1139 1813 1349 1880 intendendo
1371 1833 1431 1898 per

198 1928 311 2014 quella
323 1928 366 1996 de
382 1928 426 1994 V.
446 1926 534 1996 Sria.
553 1928 597 1994 de
613 1945 652 1995 21
673 1929 728 1994 del
746 1938 906 2014 presente
921 1931 986 1996 che
1002 1928 1032 1995 si
1048 1928 1229 1996 sodisfacia
1245 1927 1281 1995 in
1298 1939 1395 2016 parte
1411 1952 1431 1996 a

198 2043 313 2127 quello
329 2045 393 2110 che
408 2045 441 2108 le
457 2043 543 2111 Srie.
564 2044 696 2130 VV.·et
717 2064 784 2109 non
808 2065 931 2110 manco
951 2044 1011 2110 noi
1030 2043 1292 2112 desiderauamo
1313 2065 1376 2110 con
1399 2045 1433 2110 la

199 2157 370 2244 presentia
382 2159 437 2224 del
451 2170 568 2226 nostro
580 2159 714 2225 fratello
730 2158 798 2224 don
811 2161 971 2247 Jacobo’
988 2170 1022 2226 et
1037 2159 1070 2226 la
1087 2158 1322 2246 predicatione
1337 2160 1382 2228 de
1398 2161 1431 2226 la

201 2277 316 2362 parola
332 2274 365 2340 d’
383 2274 478 2340 iddio
495 2275 539 2342 N.
558 2276 611 2354 S.‚
626 2297 646 2341 a
662 2274 719 2341 cui
736 2274 854 2342 diuina
870 2275 975 2341 bonti
997 2274 1106 2361 pincia
1123 2286 1274 2343 accettar
1289 2275 1312 2340 il
1330 2273 1430 2340 mini-

200 2389 305 2458 sterio
317 2391 361 2456 da
374 2389 451 2456 suoi
461 2390 672 2456 debolissimi
684 2389 902 2458 instrumenti
913 2401 949 2457 et
961 2391 1046 2457 farlo
1057 2392 1194 2458 efficase
1204 2411 1264 2477 per
1273 2391 1295 2456 l’
1307 2390 1432 2477 aggiu-

201 2524 238 2572 to
251 2506 330 2572 dell'
345 2505 468 2574 anime.
482 2506 508 2571 11
521 2504 678 2598 011310,Ιεὶ
691 2504 852 2572 dobiamo
864 2503 898 2570 in
912 2505 995 2592 ogni
1009 2506 1115 2591 luogo
1128 2504 1321 2574 desiderare
1333 2527 1394 2591 per
1407 2498 1444 2570 l'¹

200 2622 320 2708 obligo
336 2621 379 2714 de
395 2622 427 2687 la
443 2619 563 2702 caritd,
581 2620 689 2688 cierto
707 2621 813 2686 molto
834 2621 1078 2706 specialmente
1098 2621 1189 2686 nella
1210 2621 1316 2688 1111113.
1340 2619 1430 2689 Sria.

202 2717 235 2803 di
256 2739 417 2817 Genoua,
442 2736 532 2804 doue
552 2737 584 2802 13
608 2735 785 2804 diuotione
806 2737 838 2802 d'
861 2757 937 2803 essa
958 2735 994 2802 in
1016 2737 1075 2803 tali
1099 2736 1204 2822 tempi
1225 2757 1307 2822 pare
1327 2737 1434 2803 molto

205 2855 388 2941 [acleresca
404 2863 523 2920 nostro
539 2851 655 2920 debito
672 2873 732 2938 per
748 2853 1017 2938 correspondere
1038 2875 1058 2918 a
1079 2853 1204 2937 quella.
1223 2853 1267 2918 Et
1282 2853 1433 2919 secondo

202 2973 235 3041 le
251 2981 367 3037 nostre
382 2969 505 3038 debole
522 2971 624 3050 forse,
642 2967 698 3034 del
714 2976 816 3034 canto
832 2979 950 3034 nostro
967 2989 1034 3034 non
1057 2989 1274 3036 mancaremo
1295 2969 1339 3035 de
1354 2969 1436 3033 ado-

205 3085 333 3173 perarsi
348 3085 384 3152 in
400 3083 552 3170 seruigio
568 3086 611 3150 de
626 3085 659 3152 la
675 3105 737 3150 sua
754 3083 836 3150 cittn
854 3095 889 3150 et
906 3082 1083 3169 republica
1099 3083 1249 3151 secondo
1270 3085 1302 3149 13
1318 3093 1435 3150 nostra

205 3201 427 3288 professione.
447 3202 480 3267 A
497 3202 540 3268 V.
565 3199 653 3268 Sria.
679 3200 782 3267 etiam
805 3201 911 3266 molto
932 3199 1100 3287 ringratio
1120 3200 1164 3265 de
1183 3201 1216 3264 13
1235 3199 1437 3265 confidenza

205 3318 270 3385 che
285 3328 415 3384 mostra
431 3317 544 3383 dando
560 3316 592 3382 13
608 3337 671 3382 sua
688 3314 862 3382 authorita
879 3337 939 3402 per
956 3314 1074 3381 visitar
1090 3315 1122 3380 13
1138 3314 1266 3382 diocesi
1281 3315 1314 3380 31
1331 3317 1433 3382 Mtro.

205 3434 273 3500 don
286 3433 416 3520 Jacobo
432 3433 583 3517 Laynez,
598 3453 618 3498 a
630 3431 687 3498 cui
699 3432 821 3498 lettera
834 3429 879 3496 mi
893 3431 1031 3497 rimetto
1043 3431 1123 3526 nell’
1138 3429 1214 3496 altri
1228 3430 1434 3516 particolari.

272 3547 426 3635 Degnesi
442 3546 540 3614 iddio
556 3549 599 3615 N.
619 3549 657 3616 S.
676 3570 695 3614 a
718 3546 798 3613 tutti
821 3548 1013 3616 concedere
1034 3569 1096 3614 sua
1118 3547 1228 3632 gratia
1250 3568 1309 3632 per
1331 3566 1436 3612 cono·

206 3687 302 3734 scere
330 3687 463 3752 sempre
490 3687 554 3730 sua
580 3663 774 3730 santissimo
798 3663 954 3743 uolenti,
980 3675 1016 3729 et
1039 3663 1152 3748 quella
1175 3664 1439 3748 perfettamente

206 3782 391 3869 adempire.

274 3896 319 3965 Di
336 3899 444 3963 Roma
462 3897 503 3963 28
521 3895 554 3962 di
572 3897 720 3964 Ottobre
743 3912 838 3981 1553.

275 4013 470 4098 Inscriptio,
491 4015 558 4080 Per
572 4012 594 4077 il
610 4032 760 4079 vescouo
777 4012 811 4077 di
825 4009 982 4082 Caruoli.

210 4155 422 4166 ..μ-ο.-

262 4219 269 4253 ¹
310 4221 352 4275 Ex
364 4219 467 4275 codice
481 4220 601 4293 Regest.
615 4219 641 4284 I,
655 4216 707 4274 foi.
722 4219 815 4288 483-
824 4217 945 4282 Curius,
959 4235 989 4272 n.
1003 4217 1189 4274 CCCLXIV.

260 4317 272 4346 ¹
311 4310 455 4382 Aegidius
470 4310 612 4383 Falcetta,
628 4310 756 4366 vicarius
769 4309 983 4382 archiepiscopi
995 4308 1168 4380 genuensis.
1184 4309 1256 4381 Ejus
1273 4309 1440 4381 epistolem,

206 4401 256 4457 cui
269 4401 401 4472 ignatius
413 4417 491 4456 nunc
504 4399 653 4472 rescribit,
667 4401 770 4456 statim
784 4398 1005 4473 subjungimus.
1022 4436 1027 4452 .

261 4493 272 4525 ³
310 4491 439 4562 Jucobus
455 4488 584 4546 Lainius.
600 4490 676 4546 Vide
691 4491 849 4562 epistolam
861 4488 1054 4562 superiorem.
