3567 5409
392 432 494 489 Epls‘r.
516 430 584 502 3911
606 430 818 502 313912.-·11
840 445 905 488 rur
926 432 1167 489 12N0vsrrssts
1189 431 1259 502 1553
1347 433 1400 503 697

201 583 326 668 gratia,
341 595 412 652 eta
433 583 514 650 tutti
535 585 686 652 conceda
707 605 892 652 conoscere
913 601 948 654 et
969 584 1134 672 exeguire
1155 608 1218 653 sua
1244 585 1441 653 santissimo

203 699 359 766 volanti.

269 817 323 881 De
339 818 447 883 Roma
467 835 503 883 11
522 817 567 884 de
580 817 780 886 Nouembro
801 832 900 902 1553.

269 933 466 1018 Inscriptio.
487 935 589 1000 Mtro.
608 933 777 1019 Gaspar0.

785 1124 863 1206 3911

404 1262 545 1329 PATRI
564 1262 740 1351 JOANNI
765 1262 1029 1333 BAPTISTAE
1053 1263 1232 1331 VlOLAE

520 1406 609 1450 noun
628 1407 658 1449 ιι
680 1407 745 1451 nur
766 1407 798 1450 12
810 1407 994 1452 novarianis
1014 1395 1083 1466 1553
1097 1397 1117 1451 ¹.

199 1507 317 1566 Caetar
329 1512 505 1567 Aversama
525 1510 679 1566 Mutinam
698 1511 847 1576 mittitur,
860 1513 906 1567 ita
920 1516 1024 1568 tamari
1041 1517 1076 1568 ut
1093 1511 1217 1586 collegii
1228 1530 1337 1568 curam
1355 1515 1442 1570 alius

249 1604 354 1674 gerat,
365 1601 657 1672 gubernationisque
667 1603 788 1672 pondus
801 1603 887 1673 opud
899 1607 1049 1658 nostrates
1061 1603 1251 1657 collateralis
1262 1603 1327 1657 suis
1335 1604 1440 1660 hume·

254 1688 299 1744 ris
310 1691 471 1746 sustineat.

269 1819 342 1884 Pax
358 1814 416 1884 Χ.ἱ

267 1903 505 2018 Quantunque
521 1935 569 2002 V.
592 1935 634 2000 R.
654 1933 801 2002 rimandi
817 1934 841 1999 il
858 1937 899 2003 P.
918 1937 1021 2002 Mtro.
1040 1935 1169 2002 Cesare
1187 1957 1207 2000 a
1225 1933 1387 2015 Modena,
1405 1910 1436 2001 sl

198 2046 386 2134 giudicassi
402 2049 469 2116 che
484 2071 554 2115 non
571 2049 740 2118 conulene
756 2052 822 2116 che
838 2049 886 2116 lul
904 2049 1030 2118 habbia
1042 2050 1067 2116 il
1079 2049 1240 2137 manegio
1253 2050 1342 2117 delle
1353 2070 1438 2121 cose

198 2162 388 2248 temporali,
414 2167 511 2250 patri
532 2165 614 2231 farsi
635 2169 759 2232 rector'
783 2168 843 2230 vn'
872 2167 972 2244 altro,
999 2175 1034 2231 et
1055 2169 1158 2234 Mtro.
1184 2164 1314 2233 cesare
1334 2166 1432 2251 potri

196 2299 281 2345 auer
298 2277 396 2345 titolo
411 2281 455 2348 de
471 2291 701 2366 soprastante‚
726 2303 747 2349 o
765 2303 862 2350 come
879 2281 1007 2369 meglio
1024 2281 1159 2368 pareri,
1178 2302 1240 2368 per
1261 2302 1330 2346 non
1347 2279 1434 2348 darli

198 2405 280 2462 nota
296 2415 362 2460 con
378 2394 401 2460 li
418 2396 602 2478 forastieri,
620 2398 666 2464 ni
681 2396 907 2483 esasperarlo;
933 2417 955 2462 o
970 2419 1009 2466 se
1024 2396 1073 2463 lui
1090 2396 1183 2465 tiene
1205 2417 1307 2463 nome
1322 2395 1366 2465 de
1381 2417 1438 2464 re-

198 2520 306 2598 ctore,
325 2511 389 2577 che
405 2511 429 2576 l'
451 2511 537 2578 altro
565 2513 761 2582 collaterale
789 2523 824 2582 et
852 2510 1009 2578 ministro
1029 2511 1156 2579 habbia
1184 2512 1217 2578 la
1239 2533 1321 2578 cura
1343 2512 1437 2578 reale

196 2624 286 2692 delle
302 2645 382 2692 cose
398 2629 463 2694 che
480 2626 607 2714 meglio
623 2632 723 2713 patri
740 2626 884 2696 far'che
900 2630 1004 2694 Mtro.
1019 2627 1159 2715 Cesare.

264 2741 464 2827 Inscriptio.
484 2743 553 2810 Per
568 2742 589 2807 il
610 2743 823 2810 comissario.

770 2924 862 3005 3912

449 3067 590 3134 PATRI
613 3067 877 3136 ALPHONSO
902 3065 1177 3135 SALMERONI

587 3211 676 3254 nont
692 3211 725 3256 12
738 3212 920 3255 novnusars
935 3197 1004 3269 1553
1018 3201 1039 3260 ¹.

194 3312 285 3368 Dolet
297 3328 445 3368 romanas
457 3314 578 3369 litteras
590 3319 618 3370 et
632 3315 726 3370 libros
739 3317 780 3370 od
799 3315 991 3372 Salmeronis
1007 3332 1120 3370 manas
1136 3332 1199 3369 noa
1212 3315 1436 3387 perventae.—

248 3403 296 3456 De
308 3400 496 3474 Hieronymo
511 3403 740 3460 iliata-libri
757 3405 909 3459 Turriarti
924 3407 952 3459 et
963 3407 1087 3475 pannus
1103 3421 1119 3458 e
1135 3401 1246 3460 Sicilia
1263 3407 1435 3474 exspectan·

247 3491 396 3549 tum-Do
415 3492 539 3565 Joanne
567 3493 681 3548 Thomu
704 3493 1050 3562 Rassitano.-Qaaerit
1072 3510 1113 3547 an
1135 3491 1258 3563 Cajetae
1276 3491 1438 3564 Ugolettus

245 3582 391 3652 quosaam
417 3581 510 3637 libros
534 3583 798 3654 occeperit-Pro
823 3583 984 3639 Ambrosio
1004 3580 1175 3638 Cottrorino
1190 3587 1295 3654 preces
1306 3577 1432 3654 fierit.-

244 3672 290 3726 De
297 3670 407 3744 fratre
414 3671 548 3744 joannis
566 3672 706 3732 lliomae.
717 3673 926 3728 -Rodericiua
939 3673 1070 3727 Romam
1080 3671 1235 3742 pervenit.

261 3797 335 3864 Pax
352 3797 494 3866 Christi.

260 3915 326 3980 Per
341 3915 455 3998 quelle
470 3915 514 3982 de
531 3933 552 3997 4
569 3916 624 3982 del
641 3926 802 4001 presente
818 3915 1030 3982 intendiamo
1046 3917 1112 3982 che
1128 3915 1161 3980 la
1177 3915 1218 3980 R.
1239 3914 1282 3979 V.
1302 3894 1371 3978 non
1385 3913 1432 3978 ho

192 4028 349 4096 riceuuto
381 4031 413 4098 le
444 4043 563 4098 nostre
594 4032 637 4098 de
670 4031 725 4110 28,
759 4031 851 4098 doue
878 4030 908 4097 si
935 4031 1154 4097 mandauano
1183 4028 1206 4094 li
1235 4049 1255 4112 3
1283 4027 1361 4093 libri
1387 4027 1432 4093 de

191 4145 295 4211 Mtro.
314 4147 453 4230 Laynez
469 4157 505 4215 et
521 4148 552 4213 le
569 4147 784 4214 conclusioni
803 4157 922 4214 tenute
939 4146 997 4230 qui
1014 4145 1050 4211 in
1067 4147 1189 4224 Roma,
1207 4165 1275 4211 con
1292 4143 1361 4209 due
1373 4143 1431 4228 ju-

191 4259 227 4326 lii
243 4260 279 4326 di
295 4272 405 4348 porto.
425 4265 532 4330 Forsa
548 4263 570 4329 il
588 4263 766 4349 percaccio
781 4284 851 4329 non
867 4263 890 4328 l'
914 4264 1046 4330 hausti
1066 4259 1204 4349 portati,
1223 4269 1259 4329 et
1282 4280 1433 4327 saranno

194 4385 403 4396 ——-...-.

245 4428 255 4463 ¹
292 4431 337 4486 Ex
350 4430 453 4488 codice
467 4432 586 4506 Regest.
601 4432 626 4500 1,
639 4430 689 4490 fol.
706 4447 771 4502 54v.
786 4433 892 4487 Exstat
905 4439 972 4504 post
985 4430 1083 4485 varias
1096 4429 1237 4502 epistolas
1252 4439 1283 4483 11
1299 4427 1431 4483 Novem·

191 4518 253 4575 bris
267 4519 404 4592 scriptas,
418 4528 449 4576 et
461 4521 547 4578 aliam
562 4520 725 4596 praecedit,
739 4539 815 4596 qnae
828 4519 909 4576 diem
923 4533 956 4576 η
968 4519 1149 4575 Novembris
1163 4515 1357 4592 praesefert.

245 4671 254 4704 ¹
293 4673 337 4728 Ex
350 4673 453 4730 codice
468 4677 587 4748 Regest.
600 4675 626 4740 Ι,
639 4673 690 4732 fol.
705 4687 769 4742 54ν.
