3567 5409
531 464 635 525 Errsr.
655 460 811 533 ³79¹·-30
830 462 1030 519 sesamam
1051 458 1120 531 1553
1351 456 1403 531 535

266 616 331 687 De
347 616 511 687 Guierico
530 618 553 653 ¹¹
572 639 639 685 non
656 615 808 705 sapiamo
830 618 896 685 che
911 615 974 697 iar,
1000 634 1039 682 se
1061 636 1129 682 nou
1153 614 1439 683 ricomandarloa

189 729 281 813 Dio;
303 744 344 803 et
359 732 462 801 etiarn
478 732 628 801 Enricho
647 733 683 815 ¹¹,
697 754 737 801 se
751 730 775 799 li
792 729 967 801 medemi⁰
989 729 1259 817 consegliassino
1275 730 1437 799 mutatio-

186 868 240 917 ne
258 850 301 915 d'
320 849 394 917 aria
408 847 436 932 ⁴,
454 849 557 917 etiam
580 850 647 917 che
664 846 746 916 fossi
768 868 869 918 uerso
884 846 1013 929 Sicilia,
1038 868 1060 915 o
1083 868 1185 915 uerso
1208 847 1230 912 il
1243 868 1308 913 suo
1320 866 1437 933 paese,

194 962 385 1033 uorriamo
400 986 494 1033 esser
509 944 668 1033 hauisati.

265 1082 340 1149 Del
357 1080 466 1149 andar
480 1080 525 1151 de
540 1082 584 1148 V.
604 1082 646 1147 R.
665 1078 700 1147 in
715 1080 863 1149 Genoua
878 1100 948 1147 non
965 1076 1122 1147 uediamo
1136 1077 1173 1143 in
1184 1087 1306 1163 queste
1319 1075 1437 1143 turba·

187 1194 288 1263 tioni
307 1195 344 1263 di
359 1198 475 1282 quella
491 1196 665 1283 republica
682 1208 779 1282 tropo
795 1192 1004 1283 oportunita3
1021 1215 1087 1281 pur
1108 1192 1133 1260 il
1151 1196 1191 1261 P.
1218 1196 1323 1261 Mtro.
1350 1192 1438 1277 Lay-

186 1333 264 1379 nez
283 1326 404 1398 presto
423 1312 452 1380 si
475 1312 574 1399 potri
590 1310 749 1380 chiarire.
773 1311 811 1379 ln
834 1320 960 1396 questo
983 1328 1101 1377 mezzo
1125 1310 1169 1377 V.
1197 1310 1239 1376 R.
1266 1308 1392 1376 atenda
1415 1329 1436 1375 a

185 1446 262 1495 sua
278 1426 395 1495 saniti
411 1427 448 1495 in
463 1428 544 1514 quel
559 1427 667 1515 logho
682 1426 788 1495 cheli
803 1426 879 1495 serit
897 1424 955 1513 piir
969 1426 1150 1495 commodo
1165 1446 1227 1513 per
1242 1445 1331 1494 essa.
1420 1473 1429 1493 .

266 1542 364 1629 Quel
381 1542 584 1631 compendio
600 1542 634 1609 di
659 1540 833 1631 theologia
854 1540 911 1609 del
934 1540 1102 1628 Viguerio
1127 1542 1152 1575 ¹⁴
1175 1539 1288 1609 insino
1310 1541 1434 1609 adesso

195 1678 274 1725 non
293 1659 328 1725 lo
345 1658 528 1741 trouiam03
546 1659 605 1745 piu
622 1669 737 1745 presto
753 1658 857 1726 credo
873 1656 902 1724 si
917 1656 1116 1725 douerebbe
1131 1668 1249 1724 trouar
1263 1656 1299 1723 in
1317 1657 1435 1725 Vene-

187 1772 256 1840 tia.
279 1774 353 1843 Pur
367 1772 398 1842 si
413 1774 634 1861 iardmagior
649 1772 840 1862 diligentia,
858 1786 892 1843 et
909 1774 954 1841 V.
974 1776 1015 1845 R.
1034 1772 1110 1842 sera
1127 1774 1296 1841 hauisato.

267 1890 351 1957 Non
367 1890 466 1973 altro,
484 1911 522 1957 se
538 1910 607 1957 non
625 1891 691 1959 che
706 1910 871 1978 pregamo
887 1888 984 1959 lddi'o
1007 1912 1028 1958 a
1048 1891 1093 1959 V.
1119 1892 1163 1960 R.
1180 1899 1215 1959 et
1238 1910 1259 1957 a
1281 1888 1362 1957 tutti
1382 1888 1435 1959 sia

194 2005 319 2074 salute
333 2016 369 2072 et
382 2004 453 2073 uita
468 2014 598 2075 eterna.
615 2004 740 2073 Amen.

268 2123 325 2189 De
341 2122 450 2189 Roma
467 2120 585 2189 ultimo
601 2122 644 2189 dc
660 2122 857 2192 Settembre
878 2136 975 2207 1553.

269 2236 466 2323 Inscriptio.
485 2239 641 2319 Ferrara‚
659 2237 759 2325 peril
776 2237 888 2307 Padre
904 2236 1151 2307 commissario.

252 2454 268 2487 θ
306 2442 372 2500 Sic.-
385 2439 505 2498 medici?
539 2444 591 2487 -d
610 2458 679 2499 ares
693 2460 749 2499 ms.

252 2630 279 2667 ¹¹
316 2628 650 2689 GuerricusDeodatus.

255 2720 280 2754 '⁸
316 2720 464 2776 Heuricus
477 2720 665 2777 Sommalius.

252 2810 279 2844 ¹⁴
315 2808 462 2879 ‹sJoannes
480 2808 640 2881 Vlguerius
661 2808 818 2881 (Viguier),
840 2806 878 2867 O.
897 2808 1013 2877 Praed.‚
1034 2809 1222 2881 granatensis
1241 2810 1368 2867 subinde
1387 2810 1431 2866 di·

190 2905 266 2953 ctus
278 2914 296 2955 a
308 2898 457 2955 Grauitae
469 2900 610 2955 urbeculn
623 2898 653 2954 iu
669 2898 853 2957 Tolosatium
862 2896 983 2973 finibus,
999 2898 1166 2971 theologiae
1184 2900 1337 2973 magister,
1356 2902 1432 2958 hanc

195 2985 350 3059 professus
362 2996 410 3043 est
422 2986 452 3043 in
465 2986 762 3047 academia-tolosana
774 2990 812 3044 ab
824 3006 853 3045 a.
875 3000 943 3060 1527
956 2989 993 3045 ad
1005 3005 1035 3050 a.
1048 2990 1155 3047 saltem
1170 3002 1250 3061 1550.
1268 2988 1432 3047 Concinun-

195 3074 241 3130 vit
260 3075 467 3133 institutiones
489 3076 526 3133 ad
543 3078 706 3133 naturalem
725 3086 755 3133 et
772 3076 964 3135 christianam
977 3076 1202 3151 philosophiam,
1221 3078 1350 3136 maxime
1362 3096 1434 3136 sero

192 3164 234 3220 ad
258 3166 464 3223 scholasticam
486 3167 666 3239 theologiam
687 3184 728 3226 ss.
752 3167 915 3237 literarum,
943 3167 1215 3242 universaliumque
1241 3168 1432 3227 conciliorum

194 3255 375 3312 auctoritate
387 3264 419 3312 et
431 3256 584 3313 doctorum
597 3256 877 3329 ecclesiasticorum,
892 3258 1067 3330 praesertim
1079 3257 1113 3316 d.
1133 3258 1265 3315 Thomas
1277 3261 1348 3332 ΑΨ,
1366 3276 1432 3317 eru·

192 3342 313 3401 ditione
323 3344 512 3402 confirmatas
525 3345 721 3421 omnibusque
734 3344 897 3403 animarum
909 3363 1011 3407 curam
1022 3348 1199 3419 gerentibus
1212 3348 1370 3406 admodum
1383 3366 1433 3405 ne·

195 3434 372 3491 cessaria.»
387 3436 534 3507 Hunrstr,
548 3436 775 3503 Nomenclntor,
790 3436 839 3509 lV,
857 3437 936 3505 1167.
949 3436 1123 3507 vignerium
1133 3438 1289 3511 hispanum
1299 3455 1366 3494 esse
1376 3446 1433 3495 trs·

194 3518 274 3581 dunt
287 3526 478 3596 Amnum,
497 3526 682 3582 Bibliotheca
699 3526 908 3592 dosninicnna,
927 3544 995 3600 pag.
1014 3527 1077 3600 289,
1096 3537 1127 3583 et
1145 3528 1309 3585 Nrcorms
1327 3529 1433 3585 Amo·

198 3626 283 3684 rima,
296 3614 482 3671 Bibliotheca
494 3616 624 3687 lislam
634 3632 724 3680 novo,
739 3616 762 3687 1,
777 3616 843 3688 610,
855 3617 906 3689 qui
919 3625 1086 3689 postremus
1098 3617 1141 3673 sit
1158 3617 1333 3689 Viguerium
1352 3620 1433 3675 svul-

193 3703 263 3772 gari
271 3704 470 3776 appellatione
490 3704 638 3779 Vigueror
654 3704 721 3773 dici,
736 3704 932 3779 eumdemque
945 3706 1072 3763 'l’olosse
1085 3708 1211 3778 «longua
1224 3726 1241 3763 a
1254 3707 1434 3781 patriainter

194 3792 302 3849 Gallos
314 3792 351 3849 ad
364 3810 476 3850 sacram
489 3794 520 3857 S.
535 3794 680 3851 Dominici
693 3794 850 3851 familiam»
865 3804 1037 3868 susceptum
1049 3794 1157 3854 fuisse.
