3567 5409
487 478 590 533 Emer.
611 474 766 545 385r.-23
784 474 949 533 Ocroams
972 446 1046 544 1553ν
1280 478 1330 530 611

135 632 341 700 necessariis
357 632 401 698 ad
416 632 559 716 victum,
578 630 739 697 vestitum
756 642 791 698 et
803 630 916 698 studia
928 652 1004 711 sua,
1022 630 1057 695 id
1070 632 1182 699 facere
1196 630 1377 717 permitte·⁴

138 759 274 813 rentur.
294 748 337 813 Et
353 767 390 813 re
407 768 501 827 uera,
520 768 598 813 cum
614 769 658 815 ex
674 746 786 813 reditu
803 746 940 832 collegii
960 746 1080 825 nostri,
1099 768 1143 813 ne
1158 748 1282 813 domus
1297 746 1370 833 qui-

134 865 215 932 dem
234 870 337 950 (quae
353 864 465 929 adhuc
482 861 692 930 conductitia
708 860 771 947 est)
789 861 942 949 precium
958 861 1047 929 solui
1061 861 1181 947 possit,
1195 876 1231 929 et
1244 862 1371 929 teredo

136 980 207 1045 sint
231 1002 392 1060 numero,
418 978 544 1064 quibus
564 977 649 1045 nihil
668 999 801 1059 eorum,
825 999 913 1062 quae
929 990 1124 1063 opportuna
1139 989 1232 1058 sunt,
1250 981 1371 1049 deesse

135 1098 255 1175 debet,
281 1096 371 1162 vnde
394 1095 529 1161 duobus
549 1093 700 1159 millibus
721 1114 904 1162 aureorum
927 1116 1118 1160 annuorum
1141 1096 1270 1162 Romae
1286 1117 1369 1181 ege·

139 1222 228 1292 rent,
244 1212 432 1277 conuenire
443 1227 583 1297 prorsus
595 1208 776 1277 videbatur
790 1224 826 1275 vt
839 1208 885 1289 hi,
900 1210 959 1294 qui
973 1210 1047 1277 sine
1060 1210 1278 1277 incommodo
1291 1233 1372 1279 suo·

138 1349 213 1393 rum
233 1337 418 1413 parentum
438 1336 584 1412 possunt
600 1327 643 1393 ad
659 1348 741 1393 suas
758 1326 929 1412 impensas
944 1325 1138 1393 necessaria
1153 1326 1219 1393 sibi
1235 1347 1369 1409 curare,

138 1454 265 1510 curent
283 1441 434 1527 quandiu
452 1440 647 1508 studuerint
663 1453 698 1509 et
714 1453 827 1507 status
842 1440 947 1507 huius
963 1442 1101 1527 collegii
1116 1442 1264 1511 durabit.
1289 1442 1373 1511 Eius

141 1570 328 1644 paupertas
345 1579 471 1643 magna
492 1566 558 1637 est,
579 1566 615 1625 et
636 1577 715 1622 eum
732 1554 747 1595 ¹¹
767 1557 892 1624 debeat
912 1558 985 1624 fere
1006 1558 1077 1623 duo
1101 1556 1207 1625 millia
1227 1558 1372 1624 ducato-

141 1696 228 1754 rum,
255 1694 348 1738 nunc
371 1684 486 1739 tamen
507 1672 613 1759 duplo
633 1671 782 1739 maiores
802 1672 977 1758 impensas
996 1670 1005 1712 ¹
1022 1672 1124 1739 faciat
1139 1683 1287 1759 oportet,
1307 1674 1373 1739 du-

141 1789 273 1874 plicato
296 1810 438 1855 numero
459 1788 616 1869 fratrum,
640 1787 698 1874 qui
720 1786 754 1854 in
776 1809 818 1854 eo
838 1802 931 1853 sunt.
957 1790 1075 1875 ltaque
1097 1790 1183 1855 haec
1203 1788 1374 1876 intelligat

140 1906 184 1971 V.
205 1908 248 1972 R.
272 1916 321 1984 ut,
339 1903 368 1969 si
386 1905 472 1970 forte
487 1902 565 1989 quis
581 1904 614 1971 ei
629 1904 801 1989 loquatur,
820 1903 905 1970 sciat
919 1903 1001 1988 quid
1015 1906 1221 1991 respondere
1233 1905 1370 1973 debeat.

209 2022 352 2088 Fratres
379 2021 460 2099 duo,
491 2018 559 2085 imo
583 2030 663 2099 treS,
686 2018 994 2107 scilicetJodocuS,
1012 2020 1189 2086 Gerardus
1205 2022 1231 2100 ⁶,
1251 2021 1374 2086 Petrus

142 2136 290 2214 Siluius,
309 2146 563 2220 procuratorem
580 2134 802 2201 instituerunt
823 2136 863 2201 V.
888 2136 932 2201 R.
961 2155 1039 2200 cum
1063 2136 1224 2201 facultate
1244 2135 1371 2202 substi-

144 2251 282 2319 tuendi.
301 2254 434 2317 Bonum
452 2261 542 2319 esset
557 2249 674 2318 videre
690 2270 759 2335 quo
775 2249 809 2315 in
826 2260 919 2317 statu
935 2250 1004 2317 sint
1020 2272 1075 2318 res
1090 2273 1222 2319 eorum.
1237 2252 1280 2319 Et
1293 2251 1373 2338 quia

142 2390 267 2435 revera
286 2367 458 2433 donarunt
470 2364 635 2435 Societati
648 2388 723 2447 sua,
738 2366 767 2433 si
780 2362 981 2456 comlmlode
998 2366 1100 2432 uendi
1117 2378 1269 2452 possent,
1288 2391 1374 2436 ven-

138 2486 261 2551 denda
278 2464 393 2552 essent
409 2503 526 2551 eorum
544 2483 646 2563 bona;
660 2481 712 2549 sin
727 2482 851 2561 minus,
866 2492 960 2550 certe
972 2484 1064 2567 quod
1078 2483 1245 2568 pecuniae
1256 2484 1373 2571 colligi

144 2600 272 2685 poterit
292 2596 314 2679 ³,
339 2602 409 2664 huc
430 2597 613 2665 transmitti
634 2608 817 2683 oporteret.
843 2600 885 2665 Et
908 2598 1072 2679 officium,
1091 2602 1184 2684 quod
1201 2600 1236 2666 in
1253 2600 1374 2667 huius·

144 2709 236 2774 modi
255 2707 359 2773 rebus
376 2703 561 2790 prestiterit
576 2706 620 2773 V.
640 2706 684 2771 R.
708 2705 794 2771 sciat
814 2706 889 2771 fore
911 2708 986 2772 Deo
1006 2706 1252 2791 gratissimum,
1275 2719 1310 2775 et
1332 2711 1375 2780 ad

144 2818 354 2911 comlmlune
370 2819 475 2887 totius
496 2818 676 2889 Societatis
696 2822 841 2889 bonum.
864 2822 902 2887 ln
925 2823 991 2887 hoc
1012 2821 1101 2888 enim
1123 2823 1271 2910 collegio
1296 2824 1375 2891 ideo

144 2938 295 3005 maximo
311 2958 390 3002 cum
408 2936 524 3002 labore
539 2956 658 3003 omnes
675 2934 836 3003 scientias
857 2937 1038 3021 profitetur
1058 2937 1212 3007 Societas
1233 2950 1269 3006 et
1289 2941 1375 3005 mul·

146 3066 198 3121 tos
222 3052 285 3119 alit
309 3050 544 3133 scholasticos,
569 3060 607 3117 vt
634 3050 733 3118 breui
763 3064 915 3137 tempore
942 3048 1194 3143 consum[m]ati
1222 3055 1375 3141 theologi

144 3171 309 3249 euadant,
327 3179 361 3235 et
378 3166 523 3253 operarii
539 3166 657 3234 fideles
674 3188 734 3253 per
746 3166 946 3233 latissimam
958 3169 1097 3235 Domini
1112 3168 1244 3236 vineam
1258 3170 1375 3257 spargi

147 3285 292 3369 possint.
632 3366 633 3369 Ἴ

212 3402 287 3467 Nos
314 3398 371 3464 hic
392 3396 611 3485 pecunialm]‚
634 3397 714 3465 licet
734 3418 811 3463 curn
835 3398 948 3483 aliqua
969 3420 1072 3467 vsura
1095 3400 1258 3467 mediocri
1281 3406 1377 3489 (puta

146 3528 279 3604 septem
295 3516 350 3579 vel
367 3524 446 3579 octo
463 3534 523 3599 pro
543 3514 706 3596 centum),
724 3532 803 3579 cum
821 3510 1029 3595 inuenimus,
1052 3536 1120 3582 non
1139 3538 1258 3601 parum
1280 3538 1375 3583 com·

140 3629 273 3722 lmlode
290 3630 467 3695 nobiscum
486 3627 543 3715 agi
560 3638 734 3715 putamus3
752 3638 845 3695 etex
864 3630 1030 3718 Hispania
1045 3631 1257 3698 corradimos
1272 3633 1374 3700 etiam

149 3746 241 3831 quod
260 3766 453 3831 possumus.

212 3864 347 3929 Tamen
363 3859 422 3925 diu
440 3882 509 3925 non
525 3859 662 3926 durabit
679 3858 735 3926 hic
751 3871 875 3940 status,
901 3872 939 3927 vt
959 3884 1136 3947 speramus
1157 3863 1191 3929 in
1214 3865 1374 3932 Domino.

147 3980 237 4046 Cum
255 3977 346 4043 enim
366 3989 431 4042 tam
450 3977 662 4062 praeclarum
678 3998 765 4062 opus
782 3976 815 4043 in
829 3976 939 4044 oculis
951 3978 1054 4045 huius
1067 3981 1377 4067 sedisapostolicae

148 4096 236 4163 bene
253 4104 373 4159 notum
391 4090 505 4173 suerit,
524 4090 581 4159 vix
603 4090 675 4173 fieri
699 4092 824 4178 poterit
846 4092 929 4179 quin
949 4093 1142 4161 alliciantur
1161 4096 1281 4183 optimi
1302 4099 1377 4183 qui-

145 4230 213 4293 que
230 4210 327 4275 etde
344 4208 454 4274 reditu
471 4207 692 4276 conuenienti
709 4207 740 4275 ei
757 4208 990 4294 prouideatur.
1010 4211 1090 4277 ldeo
1113 4212 1378 4299 magnanimiter

151 4326 253 4393 Pater
270 4334 387 4409 noster
403 4335 536 4389 tantum
560 4344 647 4409 opus
668 4333 721 4392 est
742 4344 931 4411 aggressus
951 4326 1025 4392 solo
1045 4326 1117 4413 spei
1143 4330 1303 4396 thesauro
1323 4328 1378 4396 in·

152 4466 364 4475 *C*

201 4524 215 4565 h
252 4521 300 4575 cui
314 4537 369 4579 ms.
407 4519 451 4562 -i
469 4518 676 4592 inpensasms.
715 4520 756 4571 -J'
777 4520 907 4593 poterint
921 4538 975 4577 ms.

154 4647 367 4657 -ιο--ῇ

201 4704 213 4735 ⁰
250 4700 381 4771 jodocus
394 4698 502 4769 Papius
516 4708 546 4751 et
560 4698 709 4754 Gerardus
725 4700 868 4758 Brassica.
