3567 5409
461 405 514 477 4⁶2
800 469 803 475 ,
839 408 1046 463 Monorrrnrra
1067 407 1245 464 ionnrrnnrr

491 559 518 627 Il
534 560 595 627 Dr.
615 558 997 648 Ollaueaspettiamoin
1009 561 1129 641 breue,
1143 562 1304 629 hauendo
1318 559 1456 628 uisitato
1470 560 1600 628 Rimino
1610 574 1645 628 et

426 670 574 762 Perugia
591 676 678 742 oltra
695 674 728 743 d'
742 676 921 764 Augubio,
935 687 971 743 et
983 675 1050 744 Dio
1066 677 1110 743 N.
1126 678 1163 746 S.
1181 674 1213 743 ci
1229 676 1390 745 eseruito
1407 678 1514 744 molto
1529 676 1643 746 delui.

420 788 485 859 sia
495 810 560 857 con
578 790 658 858 tutti
675 802 710 860 et
722 791 757 858 in
772 791 970 879 ogniluoco
985 792 1068 879 Jesb
1084 793 1150 859 X.⁰

490 904 536 974 Di
548 909 656 975 Roma
677 907 776 976 rode
794 908 988 977 Settembre
1005 923 1100 994 1553.

491 1022 686 1091 Mandatea
703 1041 743 1091 10
758 1024 802 1091 de
814 1022 1021 1092 Setternbre.

992 1214 1097 1297 3739

532 1356 672 1423 PATRI
689 1356 976 1425 HIERONYMO
991 1356 1286 1425 DOMENECCO
1311 1357 1374 1423 EX
1395 1356 1548 1425 COMM.

804 1499 894 1545 rrorra
909 1498 940 1545 11
954 1500 1151 1545 sanrrrroars
1171 1487 1240 1559 1553
1254 1491 1275 1546 ¹.

423 1604 557 1661 Mandat
570 1608 615 1670 ut,
628 1602 748 1661 omissis
764 1604 1043 1669 iamaniationibus,
1057 1608 1192 1661 evocatos
1208 1622 1224 1661 a
1241 1602 1351 1661 Sicilia
1368 1604 1462 1661 socios
1482 1622 1575 1675 quam
1587 1606 1648 1677 pri·

480 1712 575 1759 mum,
589 1694 641 1751 aad
659 1698 733 1760 tuto,
746 1696 780 1750 in
803 1694 913 1751 Urbem
930 1692 1129 1751 mittat-Da
1142 1695 1356 1766 permutandis
1374 1694 1649 1749 sodalibus-Mes·

480 1800 620 1839 sancnscs
633 1782 697 1839 sinc
714 1800 807 1839 causa
821 1781 1089 1855 pascuatam-Da
1104 1782 1263 1855 cujusdam
1286 1783 1402 1857 negotii
1422 1784 1650 1855 expeditione.-

481 1873 526 1929 De
535 1871 656 1927 abbatia
670 1872 853 1927 mamertino
865 1871 992 1944 collegio
1005 1870 1261 1941 adjudicanda·
1269 1870 1311 1926 Dc
1332 1869 1487 1925 Vincentio
1502 1870 1544 1925 ari
1559 1887 1648 1927 sacer·

459 1996 462 2003 »
481 1960 596 2017 carrum
614 1959 869 2019 everam-nr
889 1960 988 2017 aaa
1005 1959 1238 2019 tabarnac-
1249 1960 1346 2039 roga
1358 1959 1392 2015 n
1406 1959 1650 2015 sonoram..

481 2050 579 2107 dium.

499 2170 569 2236 Pax
586 2165 643 2235 Χ]

496 2281 731 2351 Riceuessimo
753 2278 895 2349 insieme
914 2281 948 2352 le
970 2282 1090 2350 lettere
1109 2283 1154 2351 de
1186 2298 1237 2367 15,
1259 2282 1311 2363 16,
1331 2301 1386 2367 23,
1406 2301 1462 2365 24,
1486 2302 1541 2369 30,
1561 2301 1599 2368 31
1618 2284 1648 2348 d'

425 2400 565 2487 Agosto
586 2400 630 2466 de
654 2400 694 2467 V.
714 2399 811 2479 R.,o
834 2418 929 2479 uem,
946 2420 1009 2485 per
1027 2418 1092 2465 sua
1111 2397 1361 2482 commissione,
1380 2399 1425 2466 da
1446 2402 1550 2469 Mtro.
1571 2398 1648 2467 Ani·

430 2516 486 2582 bai
501 2516 527 2596 ¹,
546 2515 611 2583 alle
627 2514 728 2599 quale
745 2512 817 2581 faro
838 2524 1003 2599 resposta.
1022 2514 1066 2580 Et
1086 2512 1178 2581 circa
1197 2512 1230 2581 le
1244 2512 1486 2581 lamentacioni
1502 2536 1570 2582 non
1585 2513 1650 2580 diri

428 2631 517 2700 altro
533 2631 567 2697 in
585 2640 719 2717 questa,
737 2648 859 2697 senon
880 2630 946 2696 che
966 2630 1013 2699 N.
1037 2632 1078 2698 P.
1098 2631 1146 2695 m'
1164 2629 1284 2697 orrirno
1296 2630 1470 2697 rimandar
1481 2632 1515 2699 le
1526 2632 1647 2707 lettere,

424 2758 465 2815 et
482 2748 525 2815 V.
545 2748 586 2813 R.
605 2748 703 2833 potrir
719 2744 894 2840 rimandar
906 2766 928 2811 a
941 2746 1098 2814 Palermo
1110 2746 1143 2812 la
1154 2766 1229 2825 sua,
1243 2756 1278 2815 et
1289 2746 1452 2814 del.resto
1464 2745 1544 2812 tutti
1558 2744 1648 2831 quelli

430 2864 495 2930 che
511 2882 595 2929 sono
608 2846 777 2928 'nominati
788 2860 909 2939 mandi
925 2862 968 2929 V.
992 2858 1035 2927 R.
1054 2871 1184 2946 quanto
1204 2860 1311 2947 prima
1331 2864 1430 2947 potrir
1450 2862 1475 2929 ³.
1496 2863 1541 2928 Et
1555 2881 1649 2948 penso
1745 2889 1747 2902 ·

428 2976 452 3043 i’
469 2988 598 3045 armata
614 2978 795 3045 turchesca
812 2996 882 3044 non
897 2976 948 3044 sia
963 2999 1024 3064 per
1039 2975 1124 3043 darii
1142 2987 1241 3063 tropo
1254 2975 1431 3071 impaccio,
1445 2978 1592 3045 essendo
1601 2998 1649 3043 re·
1745 2957 1746 2960 Ἴ

430 3107 522 3160 mota
537 3092 572 3158 in
589 3092 741 3161 Corsica.
761 3093 833 3159 Pur
849 3092 896 3159 V.
919 3094 960 3159 R.
981 3114 1052 3158 non
1071 3091 1095 3157 li
1118 3092 1234 3158 mandi
1254 3112 1292 3158 se
1313 3113 1381 3159 non
1393 3092 1427 3160 al
1447 3092 1562 3160 sieuro
1577 3114 1596 3160 ο
1610 3092 1649 3157 ai·
1745 3081 1746 3132 f

431 3229 531 3277 meno
546 3211 611 3277 che
627 3202 921 3298 probaibissmente
937 3207 1086 3295 pericolo
1101 3229 1171 3280 non
1186 3207 1216 3274 si
1232 3216 1334 3288 terna,
1350 3218 1384 3276 et
1400 3206 1489 3275 assai
1501 3206 1649 3276 informs

426 3323 524 3392 tione
539 3328 565 3390 s'
580 3328 683 3418 potra
703 3326 813 3392 hauer
833 3312 876 3391 in
890 3321 1051 3391 Messina.
1092 3314 1094 3318 ¹

433 3484 630 3499 ——u—-n-

485 3557 494 3597 ¹
532 3558 576 3612 Ex
589 3556 692 3613 codice
706 3557 824 3627 chcst.
844 3556 870 3620 1,
885 3554 917 3613 fl.
933 3568 1073 3625 ιμ’-251.

370 3680 375 3691 -
483 3648 495 3680 ¹
533 3643 661 3701 Annibal
679 3642 857 3702 Condretus.
877 3644 922 3700 Ex
940 3644 1047 3700 litteris
1065 3659 1146 3714 vero,
1163 3659 1238 3717 quae
1256 3643 1305 3699 hic
1327 3653 1536 3717 memorantur,
1551 3644 1649 3701 nuliam

432 3732 573 3791 vidimus.

485 3824 497 3857 ³
534 3822 616 3878 Haec
630 3821 741 3895 liquido
755 3821 963 3898 intelligantur
975 3838 1013 3877 ex
1026 3821 1082 3893 his,
1097 3836 1174 3895 quae
1188 3820 1370 3890 POLANCUS,
1389 3820 1515 3894 chron„
1528 3822 1579 3889 111,
1596 3832 1649 3886 221,

432 3911 531 3968 tradit:
543 3912 594 3969 «Ρ.
606 3911 816 3983 Hieronymus,
829 3910 1035 3981 Provinciaiis,
1048 3909 1167 3968 facile...
1175 3909 1313 3993 ¹Rectoris
1323 3911 1456 3966 absentis
1465 3910 1520 3983 [sc.
1532 3907 1650 3977 Vinciii,

432 4001 586 4057 Messanae
608 3998 743 4073 rectoris]
765 4001 872 4067 locum,
897 3998 1057 4070 adjuvante
1080 4012 1257 4071 magnopere
1280 3998 1429 4055 Annibale
1450 3999 1488 4055 de
1513 3998 1650 4055 Coudreto

430 4089 592 4165 supplevit.
611 4089 692 4146 idem
709 4088 799 4145 etiarn
816 4087 1011 4145 Provinciaiis
1035 4087 1193 4143 lectionem
1215 4104 1338 4142 casuum
1357 4086 1590 4147 conscientiae...
1606 4102 1647 4155 ag·

430 4196 537 4251 gresus
549 4188 630 4239 est...
645 4188 676 4235 et
692 4178 966 4236 confessionibus...
984 4192 1102 4249 operam
1122 4176 1346 4249 impendebat...
1363 4176 1489 4250 Scripsit
1506 4186 1600 4233 autern
1620 4174 1649 4229 ti·

435 4286 514 4326 mere
527 4286 594 4330 se...
608 4268 634 4325 si
647 4268 681 4327 P.
695 4266 851 4325 Cornelius
865 4266 934 4323 inde
948 4266 1113 4337 recederet,
1127 4282 1186 4328 non
1201 4282 1288 4337 posse
1301 4266 1402 4322 domui
1419 4266 1598 4339 probationis
1612 4280 1649 4319 sa·

432 4358 545 4418 tisfleri.
562 4360 595 4419 P.
612 4368 710 4415 tamen
724 4357 869 4429 ignatius,
881 4355 933 4430 qui
945 4373 1015 4413 eum
1032 4372 1100 4411 cum
1119 4354 1311 4414 novem-aliie
1330 4356 1453 4411 Romam
1474 4362 1646 4421 evocaverit,

432 4450 538 4505 multas
551 4448 585 4504 P.
600 4446 792 4503 Provincialis
812 4446 927 4502 litteras
939 4463 975 4501 ea
987 4444 1024 4500 de
1039 4461 1070 4499 re
1084 4442 1269 4516 accipiens...
1283 4443 1395 4504 remitti
1413 4444 1511 4500 eidem
1528 4461 1593 4501 suas
1609 4442 1649 4497 iit·

429 4547 510 4595 teras
523 4538 622 4609 iussit,
637 4545 668 4593 et
680 4544 713 4593 ut
726 4536 820 4608 primo
830 4550 946 4609 quoque
959 4543 1092 4607 tempore
1106 4549 1169 4604 eos,
1183 4548 1257 4605 quos
1271 4532 1492 4605 designaverat,
1510 4551 1547 4589 ex
1559 4530 1649 4588 Sicilia

433 4627 515 4683 adse
529 4626 772 4684 transmitteret.»
1058 4610 1064 4619 ’
