3567 5409
521 508 624 563 Errsr.
645 504 800 577 3834.-15
819 505 984 565 Ocroams
1004 505 1073 576 1553
1321 504 1373 576 587

175 658 209 726 le
223 662 355 728 mando
371 663 397 742 ⁸,
415 672 450 729 et
466 659 595 752 etialm]
611 662 670 728 un'
688 662 773 727 altra
787 682 847 747 per
860 658 977 730 Sicilia
992 682 1053 747 per
1068 660 1092 726 il
1108 660 1148 727 P.
1163 662 1266 729 Mtro.
1284 660 1410 729 Giero·
1442 690 1445 696 ·

177 773 273 843 nimo
292 778 318 859 ⁸,
336 778 451 861 quale,
469 798 507 843 se
522 797 639 843 nanno
658 776 683 842 li
699 776 808 845 nostri
823 798 842 843 a
859 775 1028 857 Messina,
1044 777 1076 842 la
1096 786 1244 864 potrano
1259 786 1409 863 portare;

175 890 205 959 si
223 914 244 959 a
264 894 423 961 Palermo
435 892 631 974 andassino,
647 894 738 961 forsa
749 890 838 959 saria
852 891 979 979 meglio
992 892 1168 959 mandaria
1179 914 1240 979 per
1251 892 1285 958 la
1296 903 1409 979 posta,

176 1029 197 1074 o
213 1008 367 1092 qualche
384 1009 531 1095 fragam,
549 1030 587 1076 se
603 1018 712 1095 parte.
1268 1011 1272 1023 '

247 1125 317 1193 Per
334 1125 448 1209 quelle
471 1125 514 1191 de
539 1140 559 1207 7
584 1125 627 1191 de
650 1124 696 1192 V.
714 1125 758 1191 R.
782 1121 1030 1191 intendessimo
1054 1145 1124 1191 non
1147 1142 1242 1192 esser
1257 1124 1352 1192 datte
1375 1125 1409 1193 al

176 1238 333 1305 cardinal
349 1240 494 1307 vicere·
511 1242 523 1275 ⁵
539 1240 571 1307 le
587 1241 708 1309 lettere
724 1242 780 1309 del
795 1240 942 1327 collegio
958 1239 1169 1327 germanico.
1185 1243 1253 1309 Per
1268 1261 1364 1307 amor
1375 1237 1412 1307 d'

176 1355 276 1422 lddio
292 1367 415 1439 questo
431 1355 545 1423 officio
560 1356 588 1421 si
605 1354 830 1424 raceomande
852 1355 911 1444 pii1
928 1356 1141 1424 caldamente
1161 1378 1182 1423 a
1202 1359 1305 1426 Mtro.
1323 1355 1409 1424 Gie-

177 1469 317 1538 ronimo
332 1471 479 1558 vigum,
498 1482 532 1541 et
547 1494 588 1540 ce
603 1473 728 1541 mande
743 1483 899 1561 resposta
913 1482 1045 1557 quanto
1059 1471 1169 1559 prima
1184 1471 1213 1539 si
1229 1470 1338 1559 potri.

247 1588 299 1655 La
315 1608 480 1673 speranza
496 1588 584 1655 della
605 1608 687 1655 casa
710 1599 806 1656 tanto
830 1589 1010 1655 commoda
1031 1587 1064 1655 ci
1087 1588 1233 1675 rallegra
1253 1586 1355 1656 etiam
1371 1586 1409 1654 in

179 1722 256 1788 spe.
274 1702 342 1769 Dio
357 1704 402 1771 N.
425 1703 462 1771 S.
485 1703 520 1770 in
541 1713 663 1789 questa
676 1715 774 1791 parte
794 1714 830 1771 et
850 1703 942 1772 circa
962 1702 986 1769 il
1008 1704 1096 1771 uitto
1116 1703 1146 1770 si
1165 1704 1270 1791 degni
1287 1724 1413 1789 proue-

178 1818 263 1887 dere
280 1838 378 1886 como
394 1817 444 1885 sia
460 1818 618 1905 maggior
634 1818 775 1887 seruitio
791 1840 866 1887 sun.
977 1885 982 1902 ,

249 1935 274 2000 ll
293 1935 404 2002 Padre
419 1936 488 2001 don
506 1934 691 2002 Paschasio
706 1936 719 1971 ⁶
736 1946 790 2001 sta
806 1936 894 2001 bene
910 1933 945 2000 in
963 1934 1081 2021 Parigi
1095 1945 1131 2002 et
1142 1956 1276 2021 sempre
1291 1935 1408 2004 labora

179 2070 225 2117 ne
244 2050 276 2117 le
292 2070 395 2136 opere
410 2050 477 2136 pie.

247 2166 333 2233 ΠΡ.
352 2168 490 2252 Laynez
506 2188 544 2234 se
560 2186 603 2233 ne
618 2166 708 2232 ando
729 2165 785 2233 alli
807 2184 826 2233 2
847 2165 904 2235 del
923 2142 1082 2253 presente
1103 2186 1124 2231 a
1146 2166 1305 2233 Genona.
1329 2167 1410 2235 Non

183 2280 368 2348 habbiamo
383 2302 509 2349 ancora
525 2302 616 2348 noua
631 2280 675 2347 de
691 2302 754 2349 sua
770 2280 932 2350 arriuata.
951 2282 978 2347 ll
988 2303 1058 2349 [suo
1073 2280 1173 2362 libro,
1191 2301 1212 2348 o
1228 2300 1408 2348 ueramen-

183 2406 219 2464 te
234 2396 324 2476 libri,
341 2418 381 2463 ce
397 2418 417 2463 a
433 2396 595 2463 mandati.
615 2396 653 2465 Si
669 2398 713 2467 V.
729 2398 771 2465 R.
792 2397 871 2465 uole
885 2396 1030 2480 uederli,
1048 2394 1147 2463 auisi.

248 2510 448 2580 Gieronimo
465 2511 563 2580 Riolo
578 2511 685 2580 scrise
700 2534 720 2577 a
736 2512 780 2579 N.
801 2515 857 2592 P.,
875 2522 910 2579 et
927 2511 951 2577 li
966 2514 986 2579 ὲ
1001 2522 1108 2579 statto
1123 2522 1295 2598 resposto‚
1311 2532 1413 2583 come

184 2626 309 2696 uederai
326 2628 359 2696 la
375 2630 417 2695 R.
436 2629 481 2695 V.
499 2649 559 2714 per
575 2629 607 2695 la
623 2627 722 2713 copia
737 2628 781 2696 de
796 2628 829 2693 le
845 2628 984 2708 lettere,
1006 2628 1039 2693 al
1062 2628 1163 2713 quale
1183 2625 1230 2694 mi
1250 2638 1407 2697 remetto.

183 2744 228 2811 Se
244 2764 314 2809 non
338 2744 429 2813 fosse
451 2764 533 2811 uero
554 2745 656 2830 quelo
676 2742 922 2829 impedimento
943 2746 968 2823 ',
993 2744 1083 2812 seria
1103 2742 1231 2829 meglio
1251 2743 1416 2830 aggiutar

184 2869 306 2944 questo
321 2858 462 2945 gloueni
478 2858 574 2927 accio
589 2858 709 2927 uenosi
725 2880 745 2925 a
762 2860 886 2939 Roma,
910 2858 1031 2945 poiche
1052 2881 1122 2926 non
1145 2859 1291 2927 sarebbe
1312 2878 1413 2945 espe-

185 2973 300 3041 diente
315 2974 478 3041 ritenerlo
493 2974 553 3061 piri
568 2974 604 3041 in
620 2974 756 3060 Napoli.

250 3090 351 3158 Altro
366 3110 435 3157 non
451 3089 538 3170 dird,
556 3110 594 3157 se
610 3111 680 3156 non
697 3092 752 3157 ch'
771 3090 829 3155 all’
852 3090 1000 3157 orationi
1015 3100 1051 3157 et
1066 3089 1224 3157 sacrificii
1239 3089 1284 3158 de
1299 3089 1343 3157 V.
1362 3091 1404 3162 R.

185 3207 228 3273 da
242 3225 323 3275 core
337 3226 403 3272 con
422 3216 509 3273 tutta
526 3216 647 3291 questa
662 3226 744 3273 casa
760 3205 806 3271 mi
824 3205 1066 3272 raccomando.

249 3323 304 3390 De
320 3322 426 3388 Roma
450 3337 487 3405 15
505 3322 540 3387 d'
558 3321 706 3389 Ottobre
726 3336 824 3405 1553.

250 3436 447 3522 Inscriptio.
468 3438 534 3505 Per
546 3436 570 3503 il
587 3436 629 3507 P.
647 3436 837 3505 Salmeron.

236 3656 250 3685 ι
288 3640 405 3697 viceare
419 3658 474 3700 ma.
599 3621 604 3632 ¹

238 3830 249 3863 ³
284 3829 417 3901 Epistola
429 3828 510 3886 3823.

237 3923 249 3954 ⁸
285 3920 486 3993 Hieronymus
500 3920 717 3977 Domeneccua.
731 3919 809 3975 Vide
823 3920 964 3994 epistolas
977 3919 1050 3990 3824
1063 3930 1094 3976 et
1106 3918 1187 3977 3826.

238 4012 249 4045 ⁵
285 4006 452 4067 cardinatis
465 4010 571 4065 Petrus
590 4008 751 4081 Pachecus,
771 4027 878 4081 prorex
898 4010 1112 4081 neapolitanus,
1133 4009 1184 4082 qui
1202 4009 1330 4080 collegio
1346 4026 1416 4080 ger·

187 4098 298 4155 manico
308 4099 339 4156 in
349 4100 432 4157 Urbe
441 4097 647 4155 subveniendo
656 4106 776 4155 centum
787 4106 871 4155 scuta
881 4098 1066 4171 promiserat.
1077 4098 1154 4154 Vide
1163 4098 1319 4172 epistolem
1329 4097 1414 4159 3800.

238 4190 250 4225 ⁸
286 4188 462 4245 Paschasius
475 4188 612 4247 Broetua.

124 4298 126 4301 ·
238 4284 248 4313 ⁷
286 4278 450 4334 Ferebatur
462 4278 542 4334 enim
555 4277 639 4333 Riola
652 4294 755 4333 necem
770 4276 858 4333 alicui
871 4276 1018 4337 intulisse.
1033 4278 1215 4347 PoiauctJS,
1228 4277 1351 4344 Chron„
1363 4278 1417 4349 111,

186 4380 248 4438 1923
263 4368 418 4441 Epinolae
432 4368 493 4427 P...
510 4366 713 4431 Salmonida
727 4366 751 4439 1,
770 4380 830 4437 109.
846 4366 923 4423 Vide
936 4368 1092 4439 epistolam
1111 4368 1303 4441 superiorem.
1386 4421 1390 4428 .
