3567 5409
529 448 635 506 Errsr.
655 446 810 519 3764.-ro
828 447 1029 504 Suessuaars
1048 445 1118 517 1553
1347 462 1401 519 499

208 596 286 664 iarli
314 597 535 679 conscientia,
564 620 633 666 non
653 598 869 687 parlandogli
889 600 934 668 de
948 598 1207 687 compositione,
1225 622 1281 667 ma
1295 602 1338 668 de
1353 621 1435 671 exe-

206 712 307 801 guire
323 714 356 781 la
371 725 486 785 mente
501 714 557 781 del
572 735 636 782 suo
652 715 793 783 fratello.
811 716 854 782 Et
870 736 908 784 se
923 716 966 782 de
981 725 1078 801 parte
1093 716 1137 783 de
1151 717 1249 784 detto
1269 715 1435 784 inbascia·

204 830 269 897 dor
287 830 379 899 fosse
399 831 529 917 parlato
549 832 593 897 de
612 828 873 919 compositione,
898 852 979 919 pare
998 829 1026 899 si
1047 830 1158 917 potria
1178 830 1252 901 dire
1271 834 1348 914 che,
1371 834 1440 900 tra-‘-
1517 817 1521 825 ⁵

204 946 321 1013 nendo
335 944 394 1032 gii
407 946 480 1012 loro
496 966 607 1031 preso,
625 946 775 1013 secondo
790 944 815 1012 il
832 946 1074 1026 thestamento,
1097 944 1120 1011 il
1141 958 1235 1016 resto
1254 946 1334 1015 delli
1355 944 1434 1014 beni

203 1062 247 1129 de
263 1063 370 1132 Mtro.
383 1058 535 1149 Angelo,
553 1083 614 1148 per
629 1083 698 1128 non
714 1063 822 1130 hauer
842 1060 1005 1149 exeguito
1024 1084 1045 1129 a
1065 1074 1181 1149 tempo
1200 1061 1223 1128 il
1244 1084 1310 1130 suo
1329 1073 1415 1132 testa
1432 1104 1436 1113 ·

203 1188 335 1259 mento,
352 1178 419 1245 che
442 1177 586 1245 sarebbe
601 1176 688 1244 assai
709 1176 824 1263 equita
848 1198 918 1245 non
938 1176 962 1243 li
984 1178 1173 1265 sarperder
1195 1179 1309 1264 quello
1329 1190 1430 1248 resto.

203 1293 247 1359 Et
267 1314 308 1361 se
328 1315 393 1379 pur
414 1293 602 1361 faccessino
628 1292 791 1361 instantia
817 1295 882 1360 che
908 1291 938 1359 si
966 1302 1108 1364 trattase
1122 1295 1166 1362 de
1186 1293 1432 1383 conpositione,

203 1410 247 1478 V.
266 1410 310 1477 R.
330 1408 353 1474 li
371 1408 548 1476 offerischa
560 1409 604 1477 de
620 1408 771 1479 scriuere
786 1412 819 1475 al
835 1408 1010 1497 superiore
1023 1409 1137 1496 quello
1150 1411 1215 1479 che
1228 1413 1328 1477 uorra
1340 1412 1435 1479 detto

201 1522 443 1605 imbasciador,
461 1524 652 1593 saccendoli
667 1525 859 1605 dechiarar,
877 1535 913 1594 et
929 1546 993 1610 pur
1008 1546 1079 1592 non
1094 1526 1332 1612 promettendo
1344 1526 1388 1593 da
1403 1527 1434 1593 la

199 1661 265 1707 sua
282 1650 381 1726 parte
395 1640 482 1707 altro
493 1641 560 1707 che
576 1639 597 1706 l
614 1638 727 1707 officio
742 1640 834 1709 dello
850 1639 1012 1723 scriuem,
1030 1640 1155 1728 perche
1177 1642 1221 1709 V.
1244 1643 1286 1709 R.
1306 1663 1377 1708 non
1396 1662 1434 1709 sa

199 1756 266 1825 che
291 1754 503 1823 scharichi
477 1776 574 1823 siano
588 1756 705 1841 quelli,
724 1768 767 1841 pe
769 1754 919 1841 'quali‘
933 1756 1030 1823 detto
1046 1758 1152 1825 Mtro.
1171 1757 1310 1843 Angelo
1329 1757 1434 1824 lascio

199 1883 325 1957 questo
341 1871 455 1958 legato
470 1892 491 1937 a
506 1870 758 1959 dispensatione
774 1872 808 1937 di
825 1872 869 1939 N.
886 1872 926 1939 Ρ.

268 1988 465 2072 Inscriptio.
487 1990 553 2057 Per
569 1988 649 2055 ilP.
665 1989 798 2072 Lanoy.

764 2160 870 2241 ³784
1122 2220 1126 2226 ⁴

323 2304 480 2372 purat
503 2262 701 2392 JOANNI
729 2301 1022 2371 VICTORIAE
1050 2304 1117 2371 ux
1144 2302 1315 2371 cotun.

574 2439 663 2485 aona
683 2438 717 2497 19
734 2438 930 2483 ssnrauarus
951 2424 1021 2497 1553
1038 2425 1061 2487 ¹.

196 2548 243 2605 De
250 2547 382 2622 Julioni
396 2548 529 2605 Solam
539 2545 737 2605 absolutione.
750 2544 887 2601 -Meriio
900 2544 1038 2602 dubitari
1044 2550 1142 2618 polest
1152 2549 1259 2600 utrum
1268 2544 1432 2601 occasura

407 2638 582 2695 innodetur.
593 2634 668 2691 -De
677 2635 751 2691 aliis
763 2633 954 2690 Pallovicim'
966 2634 1052 2691 ducis
1065 2633 1226 2690 militibus.

267 2760 344 2825 Pax
359 2756 417 2825 X}

265 2876 351 2941 Esta
365 2895 403 2941 es
419 2894 500 2959 para
515 2874 617 2939 hazer
633 2872 766 2937 sabera
781 2871 825 2937 V.
845 2870 886 2937 R.
906 2890 974 2955 que
990 2892 1028 2939 se
1053 2873 1099 2938 ha
1118 2872 1230 2938 hecho
1250 2869 1430 2956 diligentia

197 3012 264 3058 con
281 2991 318 3059 S.
335 2990 373 3059 S.
391 2988 491 3056 sobre
507 2988 538 3056 el
554 2966 811 3057 sedor'GiuliAn
827 2986 870 3053 de
886 2985 1037 3065 Salam,
1054 2986 1287 3072 yfinalmente
1299 2986 1331 3053 el
1343 3007 1430 3079 papa¹

197 3106 373 3173 mostraba
388 3124 456 3189 que
471 3103 589 3171 deuria
605 3100 703 3171 uenit
718 3108 738 3168 a
754 3102 863 3167 Roma
878 3122 941 3188 por
956 3101 989 3167 la
1004 3098 1187 3181 asolution,
1201 3122 1224 3187 y
1236 3103 1335 3168 hasta
1347 3122 1431 3188 ago-

197 3245 235 3291 ra
252 3242 300 3289 no
315 3242 354 3288 se
368 3222 413 3287 ha
429 3217 556 3305 podido
572 3239 690 3285 mouer
705 3219 748 3284 de
764 3218 820 3284 alli
837 3218 863 3284 ¹.
882 3218 913 3285 Y
935 3237 1064 3303 porque
1085 3238 1131 3285 no
1150 3239 1190 3285 se
1205 3216 1359 3296 temiese,
1376 3216 1430 3283 sin

197 3337 383 3425 pedirselo,
399 3337 538 3403 osfrezr'a
553 3356 601 3401 un
620 3334 779 3403 cardenal
797 3333 983 3413 honrrado,
1007 3353 1135 3418 queen
1157 3343 1233 3401 esto
1256 3331 1429 3411 entendta,

251 3540 266 3571 ι
303 3540 357 3597 per
370 3522 389 3579 il
403 3525 490 3597 quale
503 3540 557 3579 ms.

198 3642 412 3653 ——-—-

250 3695 259 3729 ¹
299 3695 345 3749 Ex
357 3692 459 3749 codice
473 3692 591 3767 Regnat.
606 3690 632 3759 Ι,
646 3690 698 3749 iol.
712 3688 770 3749 30.

250 3788 263 3821 s
301 3784 349 3839 De
361 3790 535 3855 argumento
552 3780 638 3853 hujus
657 3780 800 3853 epistolae
817 3780 890 3835 haec
908 3778 1092 3846 PotanctJS,
1112 3776 1237 3851 Cbron„
1254 3728 1304 3845 tn,
1328 3773 1381 3844 253
1401 3784 1432 3829 et

198 3886 262 3944 254.
277 3872 376 3927 «Ante
386 3879 484 3926 tamen
496 3886 583 3943 quam
594 3868 708 3925 Vienna
720 3866 872 3923 recederet
887 3866 919 3923 P.
934 3865 1074 3933 Victoria,
1087 3865 1203 3921 curavit
1214 3864 1293 3921 adse
1304 3864 1380 3920 mitti
1390 3863 1431 3919 ta·

198 3962 341 4019 cultatem
353 3958 494 4033 quosdam
509 3958 626 4028 milites,
641 3956 736 4030 quiin
752 3956 899 4013 haeresim
916 3954 1090 4027 inciderent,
1105 3954 1257 4010 Ecclesiae
1269 3953 1431 4009 catholicoe

198 4048 420 4121 reconciliandi3
434 4056 464 4103 et
476 4044 633 4121 quemdam
647 4044 737 4101 etiam
750 4044 845 4101 virum
859 4042 990 4099 nobilem
1002 4043 1188 4114 absolvendi,
1201 4043 1252 4116 qui
1270 4041 1383 4099 litteras
1400 4042 1431 4099 in

198 4138 442 4211 Transylveniam
456 4140 573 4205 tulerat,
588 4135 679 4207 Regia
691 4136 887 4189 Romanorum
898 4134 996 4205 jussu,
1010 4142 1042 4188 ut
1056 4132 1241 4191 Cardinslem
1256 4132 1349 4199 illum,
1363 4132 1431 4187 Fra·

199 4238 275 4286 trem
288 4226 449 4299 Georgium
463 4225 669 4299 [Martinuzzi],
684 4222 721 4279 ad
733 4224 878 4279 saniorem
893 4230 1023 4278 mentem
1033 4234 1311 4295 revocarent,quam
1322 4220 1431 4275 habere

199 4320 353 4376 dicebatur
364 4334 434 4389 erga
447 4316 561 4386 Regem
574 4316 781 4385 Romanorum3
796 4312 925 4385 alioquin
939 4313 975 4367 ut
985 4311 1092 4384 ipsums
1104 4311 1284 4381 occiderent,
1303 4326 1340 4365 ne
1357 4311 1431 4364 mul-

199 4418 294 4465 tarum
307 4406 441 4464 caedium
450 4422 539 4462 causa
551 4414 643 4463 esset.
658 4402 705 4459 Ad
718 4404 796 4459 hunc
809 4418 880 4473 ergo
895 4411 925 4456 et
938 4402 1011 4457 alios
1025 4400 1086 4472 (qui
1110 4401 1140 4456 in
1157 4399 1323 4471 hujusmodi
1345 4397 1430 4454 mini·

199 4497 301 4569 aterio,
314 4496 484 4567 ignorantes
498 4510 616 4566 prorsus
624 4492 695 4565 quid
706 4489 853 4563 agendum
868 4499 958 4560 esset,
973 4500 1130 4563 antequam
1143 4488 1174 4545 in
1186 4489 1354 4544 cubiculum
1360 4488 1430 4543 Car·

198 4586 306 4642 dinalis
318 4584 440 4655 Georgii
454 4581 700 4655 ingrederentur),
713 4592 744 4637 ut
755 4580 868 4636 absolvi
887 4590 1007 4652 possent
1022 4578 1146 4635 facultas
1160 4576 1311 4633 Pontificis
1329 4585 1430 4633 curata

200 4686 275 4732 estu)
288 4674 363 4731 Vide
376 4672 464 4729 etiam
478 4671 631 4745 epistolam
646 4670 717 4739 3780
730 4678 760 4725 et
773 4688 847 4743 quae
861 4670 960 4725 statim
972 4669 1116 4742 sequitur.
