3567 5409
445 428 498 499 506
823 430 1029 487 Mouuunurn
1049 420 1226 487 leuntiam

406 586 483 649 esta
499 583 542 651 de
557 583 590 649 la
604 580 778 668 intencion
793 594 892 651 santa
906 583 950 649 de
969 583 1014 651 V.
1037 583 1078 651 E.
1103 584 1133 651 Y
1151 602 1283 669 porque
1302 578 1346 672 [a]
1366 582 1399 649 la
1421 580 1616 669 importuna·

410 696 491 782 oion
510 697 554 765 de
574 698 624 765 los
644 720 711 785 que
731 696 900 786 negooian
918 698 972 767 sin
994 700 1122 766 mucho
1137 710 1247 769 temor
1261 697 1298 765 ni
1318 719 1414 765 amor
1428 698 1473 765 de
1487 698 1567 765 Dios
1586 719 1620 765 aa

411 814 518 901 mejor
533 836 579 881 no
593 836 630 883 se
646 815 765 903 plegar
780 820 800 882 a
815 834 913 883 cosas
928 836 996 901 que
1016 815 1151 901 pueden
1176 825 1266 883 traer
1285 836 1331 882 no
1352 833 1440 900 poco
1461 834 1560 902 eargo
1579 816 1619 881 de

406 929 614 1016 condentia,
631 952 655 1017 y
669 952 733 1018 por
748 952 804 1000 ser
817 952 862 1017 yo
877 953 901 1017 y
914 930 994 998 toda
1007 940 1145 999 nuestra
1156 930 1344 1017 Compatssa
1357 950 1438 997 cosa
1449 930 1493 996 de
1506 930 1549 999 V.
1566 930 1615 1011 E..

409 1066 464 1115 me
479 1048 523 1115 ha
538 1045 697 1133 pareoido
712 1068 757 1113 no
772 1046 878 1115 dexar
891 1046 936 1116 de
955 1046 1017 1113 dar
1036 1057 1109 1115 este
1128 1044 1238 1127 anisa,
1261 1067 1360 1113 como
1380 1044 1485 1131 quien
1506 1046 1615 1114 demea

404 1160 653 1231 sinceramente
669 1162 701 1231 el
717 1161 865 1232 seruicia
879 1184 904 1249 y
918 1164 971 1230 los
985 1183 1138 1229 summos
1152 1184 1174 1247 y
1190 1173 1328 1230 eternos
1349 1162 1459 1231 dones
1479 1161 1523 1229 de
1541 1160 1619 1229 Dios

406 1270 454 1344 N.
472 1277 510 1346 S.
525 1299 569 1346 en
581 1279 624 1345 V.
641 1278 679 1345 E.
1145 1323 1147 1326 -

450 1392 557 1481 Plega
573 1400 593 1461 a
608 1394 640 1463 la
655 1394 772 1463 diuina
788 1395 960 1463 bondada
977 1394 1074 1462 todos
1090 1394 1152 1460 dar
1167 1414 1210 1460 su
1224 1392 1341 1480 gracia
1356 1392 1528 1481 cumplida
1542 1414 1616 1480 para

337 1518 341 1527 '
402 1528 473 1593 que
494 1531 536 1577 su
556 1510 730 1577 santtsima
752 1511 915 1578 voluntad
941 1509 1090 1598 siempre
1114 1508 1279 1577 sintamos
1298 1531 1321 1595 y
1341 1519 1571 1577 autoramento
1588 1510 1618 1575 la

278 1639 280 1645 ’
403 1627 631 1713 oumplamoS.

471 1742 524 1809 De
541 1742 648 1809 Roma
663 1764 684 1809 a
700 1760 743 1828 23
759 1742 803 1811 de
820 1754 870 1827 7.⁶
890 1757 987 1828 1553.

472 1856 665 1943 Inscriptio.
684 1856 871 1939 Florencia,
891 1878 972 1945 pata
988 1858 1216 1946 laduquessa.

962 2036 1068 2119 3769

727 2186 991 2256 FRANclsco
1019 2188 1082 2254 Da
1108 2186 1299 2255 roomo

775 2331 864 2376 aona
877 2317 914 2375 23
925 2332 1120 2377 suarmms
1135 2316 1205 2389 1553
1220 2323 1240 2378 ¹.

674 2434 849 2510 Suparioria
860 2436 1005 2510 epistotae
1016 2436 1117 2493 simitu
1128 2440 1358 2510 argumentum.

467 2534 684 2621 [Florencia.]
714 2537 793 2603 Don
820 2534 1002 2604 Francisco
1024 2536 1069 2603 de
1091 2533 1222 2603 Toledo
1238 2535 1378 2601 '.-Vn'
1397 2534 1484 2601 altra
1499 2532 1612 2611 simile,

399 2649 541 2718 mutatis
556 2651 730 2719 mutandis
746 2653 770 2733 ⁸,
788 2672 870 2739 para
884 2652 956 2720 don
971 2649 1156 2721 Francisco
1170 2650 1216 2720 de
1231 2651 1373 2731 Toledo,
1390 2630 1460 2719 etc.

963 2830 1068 2913 377⁰

580 3041 582 3045 ,
611 2982 750 3049 parm
770 2982 958 3071 Jacoao
981 2964 1143 3050 LA1N10
1168 2982 1231 3049 Ex
1253 2982 1405 3048 conn.

779 3126 868 3171 noun
880 3112 916 3169 2³
927 3126 1123 3171 ammius
1137 3111 1206 3183 1553
1221 3117 1242 3171 ¹.

400 3222 586 3302 Tarquinius
603 3230 639 3285 aa
656 3230 820 3301 Raynatctia
837 3230 952 3287 Romae
968 3230 1010 3285 ad
1024 3230 1128 3286 atudia
1143 3228 1256 3301 poturit
1268 3228 1611 3285 inauratura-Litterae

449 3320 492 3375 ad
503 3318 687 3375 Etaonaram
703 3324 732 3375 ot
749 3318 946 3375 Franciaoum
961 3321 999 3377 da
1021 3318 1217 3379 Toleto-Da
1233 3318 1327 3374 Patro
1344 3313 1610 3375 Siluia-ouvius

448 3408 619 3465 maximum
630 3426 667 3464 eu
679 3406 860 3465 lustratione
872 3424 930 3463 aua
936 3407 1077 3481 fructum
1090 3406 1197 3463 retutit
1206 3407 1355 3471 Arimini,
1363 3406 1510 3461 Pmaiaa
1521 3407 1547 3461 ut
1558 3402 1609 3458 au-

445 3495 656 3570 gurii-Post
672 3496 831 3570 scriptum.
849 3496 993 3553 Marinus
1009 3514 1078 3552 cum
1102 3496 1270 3568 Tarquinio
1286 3492 1609 3567 monetatum-Timet

448 3585 590 3659 [gnatius
611 3604 648 3642 na
669 3585 717 3641 rai
735 3584 874 3659 publicae
889 3585 1081 3659 perturbatio
1096 3585 1245 3658 impediat
1264 3582 1427 3656 quominus
1446 3582 1565 3641 Ganuaa
1578 3580 1610 3634 do

448 3675 633 3731 instituendo
644 3674 771 3749 collegio
783 3675 838 3748 agi
846 3670 1133 3746 ponit-Cauaria
1144 3674 1183 3729 da
1195 3670 1360 3744 Reynatctia
1375 3671 1546 3743 promiuio,
1553 3666 1609 3741 fito

447 3762 617 3819 cardinalia
630 3762 757 3819 Mattiaci
765 3762 936 3837 obsignata.

462 3882 536 3949 Pax
551 3879 633 3968 Xpi.
650 3892 717 3949 etc.

459 3995 692 4065 Riceuessimo
714 3996 826 4083 quella
850 3996 894 4064 de
918 4012 956 4081 15
977 4006 1013 4064 et
1037 3994 1077 4063 16
1102 3995 1159 4063 del
1174 4003 1345 4081 prasente,
1368 3992 1414 4059 de
1436 3994 1482 4060 V.
1506 3993 1545 4059 R.
1570 3988 1607 4053 Et

447 4216 461 4243 ⁸
498 4198 635 4256 mutanda
648 4216 703 4257 nra.
813 4222 816 4228 ·

395 4318 591 4335 —n—

446 4389 455 4423 ¹
493 4391 537 4447 Ex
549 4388 651 4447 codice
664 4391 781 4463 Regnat.
796 4390 823 4459 I,
836 4388 885 4448 fol.
900 4388 961 4457 31r,
975 4406 1054 4447 vera.
1066 4387 1113 4452 ³0.

445 4484 456 4516 t
495 4482 655 4537 Eleonorae
667 4480 705 4536 de
715 4480 821 4537 Toleto
833 4490 967 4553 patruus.

447 4652 454 4683 ¹
493 4650 538 4705 Ex
550 4650 652 4707 codice
667 4652 785 4727 Regnat.
800 4651 826 4715 t,
840 4650 892 4710 101.
905 4648 951 4707 31.
