3567 5409
411 445 464 500 722
772 435 979 490 uoununnrn
999 433 1179 489 lenimus

445 577 486 644 L'
505 576 624 644 ultime
647 577 772 647 lettere
787 580 853 644 che
869 577 1050 645 habbiamo
1067 598 1153 645 sono
1168 578 1203 644 di
1229 598 1267 645 12
1284 580 1341 647 del
1361 592 1499 666 passato
1516 583 1542 647 ¹.
1568 583 1621 648 Et

375 703 505 778 quanto
521 694 553 759 al
569 692 716 779 collegio
732 692 933 781 germanico
950 716 1018 759 non
1034 713 1073 760 so
1090 692 1145 759 ehi
1163 694 1270 762 faccia
1286 694 1466 764 intendere
1482 696 1522 784 (si
1539 719 1619 763 non

375 818 427 876 est
448 806 608 875 inimicus
636 808 692 875 ille
713 811 815 875 horno
843 810 869 889 ³,
893 809 977 893 etc.)
998 812 1064 877 che
1087 831 1156 875 non
1181 810 1305 876 habbia
1321 811 1415 877 buon
1431 833 1615 892 successo;

376 924 501 1009 perche
519 945 563 991 ua
578 925 716 991 innanzi
732 925 839 991 molto
855 927 946 993 bene
961 946 1022 1010 per
1038 926 1071 991 la
1086 923 1203 991 diuina
1219 925 1343 1011 gratia.
1367 928 1410 993 Et
1431 938 1613 1011 quaomn-

376 1062 443 1123 que
459 1040 558 1106 siano
573 1040 686 1125 questi
708 1040 812 1126 tempi
833 1050 933 1107 tanto
954 1038 1095 1121 difficili,
1119 1062 1184 1126 pur
1199 1062 1270 1107 non
1286 1040 1335 1127 gli
1350 1064 1473 1109 manca
1490 1042 1623 1111 niente-

373 1156 429 1222 del
445 1155 639 1225 necessario
655 1167 690 1222 et
700 1155 790 1221 delle
806 1176 886 1224 cose
903 1156 1082 1223 commode
1099 1178 1160 1242 per
1176 1158 1229 1223 lar
1245 1158 1384 1242 proli-tto
1401 1158 1490 1225 nelle
1506 1158 1613 1225 lette-

374 1294 411 1339 re
427 1287 463 1340 et
477 1272 583 1337 buoni
607 1269 765 1337 costumi.
786 1272 829 1337 Et
845 1272 994 1340 essendo
1010 1272 1067 1339 nel
1091 1270 1241 1359 collegio
1263 1272 1460 1357 germanico
1479 1272 1614 1340 incirca

375 1407 418 1470 30
437 1408 596 1473 persone,
614 1408 636 1475 9
652 1409 738 1453 sono
759 1386 906 1453 auditori
927 1389 971 1455 de
992 1387 1178 1474 theologia,
1201 1386 1278 1455 altri
1301 1398 1439 1472 quattro
1459 1402 1621 1457 sentono

373 1502 502 1590 phisica
524 1513 560 1571 et
576 1502 803 1583 matematice,
827 1502 905 1569 altri
921 1502 1034 1589 logica
1057 1525 1124 1569 con
1140 1504 1173 1570 la
1188 1502 1315 1584 ethica,
1332 1504 1410 1571 altri
1426 1506 1567 1573 sumule
1590 1529 1616 1571 o

374 1617 532 1705 principii
547 1620 592 1686 de
607 1618 758 1707 lolg]ica,
777 1630 812 1685 et
828 1618 1000 1699 rettorica‚
1025 1629 1060 1683 et
1081 1618 1317 1705 grammatica,
1340 1619 1491 1685 secondo
1511 1618 1534 1683 il
1560 1632 1615 1685 ta-

373 1736 468 1802 lento
483 1744 519 1802 et
534 1734 643 1819 grado
658 1734 692 1799 d’
715 1734 797 1819 ogni
814 1755 897 1814 uno,
920 1746 954 1801 et
972 1756 1015 1801 ne
1037 1733 1209 1820 speriamo
1230 1734 1441 1801 buonissima
1457 1735 1613 1803 reuscita

375 1872 394 1915 a
412 1850 522 1937 gloria
538 1848 667 1917 diuina.
686 1852 718 1917 II
733 1872 877 1918 numero
896 1849 1066 1916 uorriamo
1082 1871 1269 1932 crescesse‚
1283 1872 1348 1937 pur
1359 1850 1394 1917 di
1407 1849 1526 1933 bucni;
1540 1874 1615 1939 pur

376 1967 514 2051 qualch'
532 1988 602 2032 uno
619 1965 716 2033 tristo
732 1989 790 2035 era
806 1977 988 2039 accettato.
1007 1968 1073 2033 che
1088 1966 1117 2033 si
1133 1967 1151 2033 ὲ
1173 1967 1334 2034 mandato
1347 1967 1413 2034 uia.
1434 1968 1510 2034 VV.
1530 1968 1610 2035 RR.

374 2082 509 2150 uedano
529 2082 564 2148 di
593 2083 644 2148 lar
665 2083 686 2146 l'
711 2082 824 2149 ufficio
844 2084 910 2149 che
932 2094 1100 2167 potranno
1121 2082 1181 2168 per
1197 2084 1350 2149 mandar’
1373 2084 1512 2168 qualch'
1537 2104 1622 2149 unov

373 2198 501 2265 buono.
518 2199 610 2264 Dell'
627 2196 837 2284 obligatione
852 2218 920 2281 qua
936 2196 967 2264 ci
985 2220 1065 2283 pare
1082 2208 1177 2263 tanto
1193 2219 1292 2284 poca,
1310 2202 1375 2265 che
1391 2198 1410 2265 ὲ
1425 2199 1470 2264 da
1492 2220 1612 2267 mara·

374 2314 581 2400 uigliarsene
602 2312 755 2400 possedi
776 2314 809 2379 la
829 2335 949 2399 parere
974 2313 1088 2380 nimia.
1119 2313 1214 2400 Ogni
1244 2314 1426 2382 settimana
1445 2336 1562 2381 uanno
1592 2339 1613 2382 a

373 2452 492 2517 spasso
507 2431 538 2495 al
556 2450 676 2515 campo
692 2429 762 2494 due
777 2430 882 2509 uolte;
902 2439 937 2496 et
952 2430 1082 2515 purch&
1100 2428 1266 2515 uogliono
1280 2429 1398 2496 uiuere
1410 2450 1476 2495 eon
1489 2431 1614 2496 buona

373 2545 601 2624 edificatione,
620 2568 689 2611 non
707 2557 851 2611 trouano
867 2544 1015 2630 asperiti
1031 2566 1194 2626 nessuna,
1216 2544 1292 2612 anzi
1313 2519 1397 2631 ogni
1417 2546 1613 2611 commodi·

374 2662 420 2729 ta.
444 2660 546 2729 Circa
561 2662 593 2728 le
615 2662 749 2740 lettere,
769 2682 828 2746 per
847 2672 969 2745 questa
985 2661 1064 2727 lista
1082 2661 1207 2730 uederd
1225 2662 1269 2727 V.
1289 2662 1330 2727 R.
1348 2663 1381 2727 la
1397 2661 1614 2728 commoditir

372 2780 438 2845 che
465 2780 581 2850 hanno
603 2778 658 2846 nel
681 2788 798 2844 nostro
819 2776 978 2863 collegio,
1002 2778 1034 2843 al
1059 2779 1160 2863 quale
1183 2799 1269 2845 sono
1291 2777 1408 2857 uicini,
1432 2788 1467 2843 et
1484 2778 1520 2843 in
1539 2800 1621 2843 uno-

374 2914 465 2959 anno
478 2894 589 2979 penso
605 2895 748 2961 faranno
764 2891 823 2978 piu
839 2894 905 2959 che
921 2895 1053 2961 altroue
1070 2894 1104 2959 in
1128 2894 1208 2960 due.
1234 2894 1300 2960 Del
1316 2894 1419 2959 modo
1439 2896 1507 2961 che
1522 2892 1556 2959 di
1577 2894 1611 2958 ld

373 3012 488 3075 hanno
512 3020 657 3095 pensato
684 3031 744 3095 per
772 3008 883 3074 aiutar
909 3010 942 3075 la
963 3008 1146 3095 giuuentd,
1173 3032 1243 3075 non
1260 3029 1340 3095 pare
1361 3008 1390 3075 si
1412 3032 1484 3075 non
1507 3008 1611 3078 bene.

372 3125 440 3191 Dio
456 3126 500 3192 N.
520 3126 557 3193 S.
576 3126 624 3212 gli
641 3124 697 3191 dia
712 3144 887 3191 successo,

440 3241 506 3309 Del
523 3242 657 3309 fratello
674 3242 686 3274 ⁴
703 3241 737 3306 di
756 3242 802 3309 V.
828 3242 868 3307 R.
888 3239 1055 3327 ringratio
1072 3233 1178 3321 lddio‚
1199 3241 1285 3307 achi
1301 3240 1434 3326 piaccia
1446 3242 1532 3307 farlo
1544 3263 1621 3307 suo

374 3381 480 3427 seruo
494 3357 687 3426 uerissimo.

441 3476 539 3541 Delle
563 3473 674 3561 gratie
696 3496 756 3559 per
770 3472 794 3537 li
815 3473 1092 3559 nouiomagensi,
1117 3474 1168 3539 fra
1189 3474 1222 3539 la
1242 3472 1407 3540 difficulta
1422 3476 1488 3539 che
1504 3494 1568 3540 usa
1588 3476 1616 3540 il

372 3613 460 3678 papa
476 3590 511 3655 in
527 3588 629 3655 simili
645 3588 769 3673 gratie,
787 3599 822 3656 et
837 3590 871 3653 la
887 3610 949 3654 sua
965 3588 1149 3667 infermitd,
1167 3589 1203 3653 d'
1218 3610 1264 3653 un
1279 3596 1392 3675 tempo
1405 3588 1439 3653 in
1457 3610 1528 3672 qua
1539 3610 1615 3655 non

372 3708 406 3772 n'
424 3708 442 3772 ὲ
460 3707 546 3772 fatto
563 3705 691 3785 niente,
709 3706 753 3771 ne
770 3705 859 3773 uedo
876 3716 998 3790 troppo
1016 3726 1117 3771 uerso
1133 3704 1168 3769 di
1185 3704 1338 3772 hauerle.

440 3823 505 3888 Del
523 3820 728 3907 compendio
744 3820 930 3887 habbiamo
948 3841 1042 3887 eura.
1062 3818 1129 3887 Gli
1147 3822 1193 3885 ho
1209 3820 1329 3885 scritto
1345 3820 1388 3885 de
1405 3839 1425 3903 3
1441 3818 1519 3885 libri
1532 3822 1616 3887 fatri

373 3960 433 4025 per
449 3938 473 4003 il
490 3940 530 4005 P.
551 3939 702 4022 Laynez;
721 3948 755 4004 et
771 3946 908 4003 tornato
924 3938 967 4003 de
983 3938 1131 4003 Genoua
1148 3958 1207 4022 per
1219 3946 1341 4021 questo
1354 3937 1518 4016 aduento,
1533 3958 1612 4023 spe·

374 4077 414 4121 ro
430 4054 618 4141 seguitera.

373 4176 586 4189 *-

426 4240 438 4269 ⁵
476 4234 587 4291 Canisii
601 4234 716 4289 litteras
726 4230 820 4287 edidit
832 4232 1102 4301 ΒεΑυΝεΒΕκῦΕΗ,
1119 4232 1207 4287 Beati
1218 4232 1304 4288 Petri
1319 4230 1474 4290 Cunisii...
1488 4232 1615 4303 Epistu-

374 4326 422 4381 lae
434 4330 463 4380 et
476 4329 555 4387 acta,
570 4324 592 4391 Ι,
606 4320 736 4391 436-439.
750 4323 784 4375 In
798 4322 856 4376 illis
869 4330 969 4376 autem
983 4322 1147 4393 explicatur
1160 4339 1213 4377 cur
1225 4322 1363 4377 austriaci
1376 4340 1393 4377 a
1406 4324 1536 4395 collegio
1543 4342 1613 4398 ger·

375 4412 490 4469 manico
508 4422 610 4467 essent
627 4411 726 4466 alieni.
747 4410 868 4466 Canisio
885 4410 1019 4481 Ignatius
1039 4410 1193 4483 satisfacit,
1212 4410 1354 4485 illumque
1371 4410 1410 4467 de
1422 4414 1615 4471 alumnorum

376 4517 499 4557 numero
512 4510 543 4555 et
555 4499 726 4555 conditione
739 4498 836 4555 docet.

427 4590 438 4622 ³
475 4588 523 4645 Cf.
541 4590 682 4656 blarru„
696 4588 778 4658 XIII,
794 4588 837 4642 28.

428 4683 440 4715 ⁴
477 4678 550 4736 Otto
563 4677 712 4734 Canisius.
