3567 5409
446 448 499 505 608
825 450 1032 506 Moenum
1053 448 1233 504 quenum

409 602 558 685 mittere;
577 603 650 682 sed,
670 602 758 668 inter
774 600 907 669 litteras
923 599 1170 688 obsignandas,
1187 622 1267 667 cum
1279 600 1435 671 viderem
1447 602 1624 671 excreuisse

353 715 355 726 '
411 718 607 805 plurimum,
626 700 727 785 diuisi
744 716 780 783 in
795 717 882 784 duas
898 727 1024 803 partes,
1047 728 1083 782 et
1102 715 1234 783 litteras
1255 716 1395 801 quidem
1413 726 1543 784 nostras
1557 718 1626 785 ruisi

411 856 471 921 per
486 834 663 901 dominum
680 833 854 914 Alexium,
871 831 956 900 alias
971 852 1054 899 vero
1070 834 1160 918 (cum
1178 831 1455 919 expeditionibus
1475 833 1625 917 fortassis)

411 950 487 1017 misi
503 974 564 1037 per
579 970 767 1029 cursorem,
786 948 866 1035 quia
882 970 953 1015 non
969 947 1153 1015 videbatur
1168 948 1292 1017 decere
1308 958 1346 1013 vt
1363 958 1494 1016 tantum
1509 951 1625 1017 fascem

408 1067 454 1133 ad
477 1066 656 1133 dominum
682 1065 844 1139 Alexium
872 1062 1057 1131 mitterem.
1082 1065 1127 1130 V.
1150 1066 1192 1131 R.
1218 1075 1332 1131 tamen
1352 1064 1476 1149 poterit
1494 1065 1627 1151 posthac

411 1184 548 1251 mittere
565 1198 624 1267 per
640 1181 751 1269 ipsum
768 1202 857 1266 quae
872 1181 965 1246 volet
981 1177 1103 1261 libere,
1121 1190 1156 1247 et
1172 1201 1236 1245 nos
1256 1200 1317 1267 per
1338 1180 1497 1260 eundem,
1518 1178 1546 1245 si
1565 1178 1628 1265 pla·

407 1310 477 1379 cet,
495 1298 685 1367 mittemus.
704 1298 773 1367 Sed
789 1296 900 1366 serius
915 1294 1050 1364 litterae
1066 1294 1281 1382 peruenient,
1300 1307 1339 1362 vt
1354 1294 1559 1382 experientia
1572 1314 1627 1361 nos

411 1414 467 1480 hic
483 1425 518 1483 et
534 1416 576 1481 V.
598 1416 637 1480 R.
658 1412 735 1480 istic
753 1412 881 1479 docuit.

481 1530 581 1598 Mitto
598 1530 742 1596 alterum
760 1529 934 1614 exemplar
950 1527 1153 1608 litterarum,
1172 1549 1258 1613 quas
1275 1527 1354 1596 dedi
1366 1527 1401 1593 id
1416 1525 1579 1614 temporis,
1591 1536 1625 1588 vt

395 1646 441 1715 ,si
461 1668 530 1714 non
553 1644 774 1730 peruenerint
796 1645 839 1710 ad
861 1644 905 1711 V.
930 1645 971 1710 R.
993 1664 1069 1723 eae,
1093 1665 1178 1728 quas
1198 1664 1258 1730 per
1278 1642 1456 1710 dominum
1475 1641 1625 1712 Alexium

412 1762 518 1843 missi,
537 1742 605 1829 bae
621 1772 715 1829 certe
733 1760 935 1829 reddantur.
953 1760 996 1825 Et
1012 1759 1056 1827 de
1072 1760 1126 1825 his
1141 1760 1237 1826 satis.
1327 1808 1329 1810 .

477 1880 578 1965 Quae
596 1876 743 1947 attinent
759 1878 803 1943 ad
819 1875 925 1943 dubia
942 1876 986 1943 V.
1008 1878 1066 1956 R.,
1084 1898 1167 1944 sane
1184 1877 1268 1943 mihi
1284 1876 1493 1943 edificationi
1510 1888 1545 1945 et
1563 1897 1624 1941 non

411 1994 590 2063 molestiae
610 2015 687 2061 esse
708 1994 886 2073 deberent,
910 2014 989 2082 cum
1014 1990 1167 2060 animum
1183 2013 1369 2079 agnoscam
1386 1991 1626 2079 cupidissimum

411 2110 569 2180 veritatis
594 2122 629 2178 et
658 2108 895 2176 instructionis
916 2109 951 2174 in
973 2108 1028 2190 iis,
1052 2131 1141 2195 quae
1160 2110 1203 2176 ad
1225 2107 1436 2178 Societatem
1458 2107 1624 2195 pertinent.

412 2228 531 2313 ltaque
548 2225 673 2306 scribe,
694 2228 809 2304 Pater,
829 2236 996 2310 quantum
1009 2224 1194 2305 videbitur,
1208 2224 1327 2305 libere,
1341 2236 1377 2293 et
1389 2246 1446 2291 me
1456 2236 1493 2290 vt
1504 2243 1625 2290 seruum

413 2342 596 2413 Societatis
612 2354 647 2410 et
664 2354 761 2409 tuum
778 2340 813 2406 in
831 2339 982 2408 Domino
998 2352 1132 2427 reputa;
1151 2352 1188 2409 et
1204 2340 1301 2409 oneri
1318 2362 1395 2409 meo
1412 2340 1545 2406 minime
1558 2359 1625 2425 par·

409 2478 483 2539 cas;
502 2456 630 2543 siquid
647 2457 737 2526 enirn
754 2466 886 2543 poter0,
904 2455 1130 2525 libentissime
1145 2478 1280 2543 semper
1297 2457 1495 2543 praestabo.
1511 2454 1575 2524 Sed
1589 2474 1625 2520 ex

409 2574 549 2641 duobus
564 2574 693 2641 vltimis
708 2572 836 2653 dubiis,
855 2573 899 2638 ad
916 2573 1061 2641 alterum
1079 2574 1216 2640 abunde
1232 2572 1367 2639 videtur
1384 2569 1573 2659 responderi
1591 2566 1620 2632 in

409 2688 598 2776 exemplari
623 2690 804 2757 missarum
829 2689 872 2755 ad
899 2698 933 2755 te
954 2687 1144 2756 litterarum
1173 2709 1212 2757 10
1232 2690 1395 2758 calendas
1417 2683 1621 2775 Septembris.

412 2806 470 2873 Ad
493 2806 650 2885 alterum,
677 2829 720 2872 an
745 2805 846 2873 liceat
869 2802 971 2871 nobis
994 2816 1206 2873 commutare
1230 2815 1314 2871 vota
1340 2804 1551 2873 obedientiae
1571 2798 1626 2887 pri·

411 2933 506 3004 uata,
524 2944 606 2990 sane
622 2922 713 3003 licet,
729 2920 1008 3006 quandoquidem
1023 2920 1103 2986 talia
1117 2931 1198 2987 vota
1209 2942 1282 2987 non
1295 2932 1376 2987 sunt
1388 2920 1477 2987 inter
1488 2925 1623 3002 excepta.

480 3040 546 3107 Per
563 3037 770 3122 colloquium
789 3058 868 3103 cum
887 3039 927 3104 P.
949 3039 1048 3123 Mag.
1068 3037 1243 3103 Bernardo
1260 3034 1432 3114 Oliueri0,
1450 3035 1514 3101 iam
1527 3034 1627 3099 advos

410 3154 528 3233 misso
548 3153 673 3239 poterit
690 3152 732 3218 V.
753 3156 794 3219 R.
813 3152 857 3219 de
874 3150 991 3219 multis
1007 3151 1133 3218 certior
1148 3151 1236 3233 fieri3
1259 3163 1295 3218 et
1317 3172 1396 3217 cum
1416 3145 1625 3218 Constitutio-

413 3292 477 3339 nes
492 3293 534 3339 eo
551 3248 839 3343 transmittentur,
859 3270 904 3337 de
927 3268 1044 3335 multis
1066 3267 1196 3337 itidem.
1219 3267 1357 3335 Interim
1379 3266 1498 3348 nolim,
1514 3259 1626 3332 cbaris-

411 3386 498 3455 sime
527 3386 641 3469 Pater,
667 3397 705 3450 vt
728 3383 904 3453 existimes
929 3396 964 3450 te
987 3384 1058 3451 vllo
1083 3384 1186 3450 modo
1210 3404 1354 3471 grauem
1378 3394 1438 3449 aut
1462 3382 1624 3448 molestum

411 3505 500 3584 fore,
518 3496 618 3571 si'vel
634 3512 775 3569 eentum
794 3498 1082 3587 interrogationes
1098 3498 1220 3567 seceris
1236 3498 1270 3564 in
1288 3497 1435 3583 singulis
1451 3494 1575 3565 litteris.

482 3620 596 3685 Causa
615 3620 681 3683 'cur
705 3616 861 3683 mittatur
884 3617 924 3681 P.
950 3616 1147 3681 Bernardus
1170 3625 1235 3695 est,
1255 3614 1344 3699 quod
1361 3610 1485 3679 medici
1499 3606 1627 3677 omnino

410 3744 622 3802 censuerunt
638 3730 826 3800 conuenire
843 3742 880 3797 vt
897 3731 939 3797 ad
957 3730 1103 3817 patrium
1125 3735 1238 3797 aerem
1259 3729 1399 3810 rediret,
1421 3739 1459 3794 vt
1480 3727 1522 3793 ab
1544 3722 1624 3791 infir·

413 3849 532 3919 mitate
552 3870 615 3916 sua
638 3849 908 3928 conualesceret;
932 3855 966 3914 et
987 3845 1068 3913 licet
1091 3854 1226 3930 tempus
1247 3844 1421 3912 videretur
1442 3843 1622 3912 aduersum,

413 3964 634 4032 nihilominus
651 3963 766 4030 statim
784 3961 954 4049 proficisci
971 3962 1168 4029 voluerunt.
1191 3958 1411 4026 Prouidimus
1433 3958 1465 4025 ei
1485 3958 1528 4025 de
1546 3948 1623 4020 socio

410 4094 449 4149 et
470 4080 595 4147 viatico
618 4092 654 4149 et
676 4080 751 4147 aliis
776 4076 992 4158 necessariis,
1017 4089 1053 4145 et
1074 4074 1305 4143 intelleximus
1328 4072 1510 4142 Petusium
1530 4068 1624 4137 triduo

413 4197 612 4285 peruenisse
628 4207 663 4263 et
679 4211 884 4282 quartanam
907 4192 1029 4260 febrim
1051 4213 1120 4258 non
1142 4191 1301 4272 sensisse,
1325 4202 1361 4259 et
1382 4188 1517 4271 melius,
1539 4172 1623 4272 quatu

413 4314 544 4382 Romae
559 4312 722 4391 habebat,
740 4332 779 4380 se
794 4311 923 4378 habere
939 4309 976 4374 in
992 4307 1127 4375 itinere.
1146 4306 1321 4394 Dignetur
1340 4304 1512 4373 Dominus
1531 4304 1622 4389 ipsum

411 4430 583 4497 deducere
611 4429 829 4495 incolumem.
856 4427 895 4493 ln
919 4424 994 4492 eius
1018 4424 1112 4490 mulo
1133 4424 1221 4490 sorte
1244 4420 1366 4507 aliquis
1382 4422 1489 4487 trater
1511 4441 1551 4488 er
1569 4410 1621 4486 his,

411 4566 503 4631 quos
519 4546 563 4613 V.
583 4547 623 4613 R.
643 4543 811 4611 missurus
827 4552 890 4621 est,
910 4542 1055 4609 comode
1067 4538 1183 4608 veniet
1193 4537 1305 4625 primo
1317 4560 1411 4618 vere,
1426 4535 1456 4604 si
1469 4536 1563 4604 aliter
1571 4522 1622 4615 ipsi

415 4664 456 4729 P.
477 4662 652 4729 Bernardo
669 4660 780 4725 visum
798 4679 866 4725 non
884 4656 998 4723 fuerit.
1018 4654 1081 4723 Vir
1097 4667 1150 4723 est
1167 4654 1266 4721 ualde
1288 4654 1400 4721 bonus
1420 4662 1456 4719 et
1479 4648 1620 4739 prudens·
