3567 5409
785 412 991 469 Mosuususa
1011 411 1190 468 lonium

839 611 841 615 ⁷
930 567 1037 648 3454

542 708 581 772 Ρ.
604 703 822 794 JoANNES
846 706 911 772 oo
935 661 1162 773 PoLANCO
1187 707 1249 773 ox
1273 705 1426 774 como.

650 871 654 876 ⁴
727 845 847 902 PATRI
866 844 1007 904 SIMONI
1025 843 1246 906 RODERICIO

818 984 908 1027 son
921 983 938 1040 7
951 983 1031 1039 Juun
1047 969 1116 1041 1553
1129 970 1149 1028 ¹.

366 1097 511 1169 Ignatius
533 1094 660 1167 infirma
685 1100 784 1151 utitur
808 1097 992 1164 valetudine,
1014 1098 1197 1168 usqueadeo
1219 1096 1336 1152 viribus
1360 1095 1467 1150 debilis
1490 1099 1541 1162 esi,
1571 1101 1609 1148 ut

423 1189 542 1256 tempus
558 1185 752 1239 resolutionis
769 1202 842 1240 suaa
858 1186 976 1240 iactare
993 1187 1148 1253 videntum
1166 1203 1262 1257 quare
1280 1189 1412 1258 rogatur
1429 1184 1610 1240 Rodsricius

357 1271 366 1288 ⁸
423 1279 458 1328 ut
476 1275 518 1328 ad
536 1291 582 1328 res
599 1290 670 1332 suas
686 1275 916 1344 componendas,
930 1274 985 1329 illo
997 1275 1077 1341 vivo,
1095 1273 1223 1328 Romam
1241 1291 1270 1330 se
1287 1273 1437 1346 conferat,
1455 1277 1609 1344 quateris

422 1364 512 1418 adiro
523 1362 647 1430 debebit,
659 1363 688 1417 si
698 1362 806 1418 e-vivis
818 1362 960 1436 ignatis&
972 1363 1148 1436 auferatur.

440 1491 514 1555 Pax
530 1487 672 1555 Christi.
692 1517 697 1530 ·

438 1603 627 1672 Carissimo
644 1604 755 1670 Padre
771 1609 840 1670 mio
855 1626 899 1672 en
911 1605 995 1691 Jesu
1012 1606 1074 1672 X.⁰

441 1719 474 1787 A
491 1720 541 1786 ias
555 1721 600 1786 de
616 1719 662 1786 N.
682 1720 738 1798 P..
756 1719 872 1786 donde
888 1729 984 1786 tanto
1000 1731 1151 1788 muestra
1165 1720 1285 1786 desear
1302 1739 1369 1805 que
1386 1721 1430 1786 V.
1450 1721 1491 1788 R.
1510 1717 1609 1788 diese

374 1858 446 1904 una
461 1837 578 1902 vuelta
594 1857 655 1922 por
670 1841 744 1916 aco,
763 1835 904 1903 anadirs
919 1848 1005 1904 esto:
1025 1857 1092 1921 que
1108 1836 1137 1902 si
1152 1835 1237 1904 Dios
1253 1837 1297 1904 N.
1317 1837 1354 1905 S.
1374 1858 1420 1902 no
1438 1837 1534 1905 fuera
1554 1840 1608 1902 asi

373 1951 526 2031 seruido,
552 1952 696 2038 hoigara
716 1973 761 2017 no
781 1950 900 2020 ubiera
915 1961 1010 2017 tanta
1034 1973 1138 2018 causa
1159 1951 1201 2018 de
1224 1954 1257 2018 lo
1279 1951 1412 2032 scriuir‚
1431 1975 1453 2038 y
1470 1973 1519 2031 es,
1538 1971 1609 2036 que

374 2069 422 2139 N.
441 2069 480 2135 P.
497 2069 586 2134 anda
603 2089 684 2152 muy
700 2066 926 2153 indispuest0‚
944 2089 967 2152 y
983 2089 1027 2135 en
1043 2089 1144 2134 mano
1160 2068 1204 2135 de
1220 2067 1383 2150 medicos
1397 2090 1418 2153 y
1431 2067 1609 2152 deeiinan-

372 2185 420 2250 do
435 2185 561 2278 mucho
577 2185 621 2250 de
637 2184 700 2249 dos
716 2204 828 2260 meses
844 2189 919 2264 acio
940 2193 1047 2266 taum,
1065 2203 1134 2267 que
1146 2204 1209 2250 nos
1225 2185 1350 2268 daque
1367 2196 1474 2250 temer
1489 2184 1533 2250 de
1548 2184 1611 2250 de-

373 2319 512 2381 xamos3
534 2321 557 2383 y
577 2297 608 2364 si
627 2299 671 2365 V.
692 2301 737 2375 R.
762 2300 797 2364 lo
818 2296 937 2382 quiere
959 2321 1020 2366 uer
1042 2299 1162 2384 uiuoy
1182 2299 1276 2368 darie
1292 2309 1366 2368 este
1381 2301 1546 2367 consuelo
1562 2299 1609 2366 de

375 2414 482 2481 dexar
498 2415 550 2480 las
566 2435 665 2480 cosas
681 2415 725 2480 de
742 2416 785 2482 V.
805 2416 845 2480 R.
859 2435 902 2480 en
916 2414 1023 2500 mejor
1034 2415 1145 2495 stado,
1160 2437 1205 2482 no
1218 2436 1272 2482 me
1284 2436 1408 2501 pareze
1420 2415 1510 2481 deua
1521 2412 1610 2503 [de]-

373 2539 523 2598 tenerse.
543 2531 573 2596 Y
590 2531 694 2616 plega
710 2536 729 2595 ἐι
744 2531 830 2598 Dios
847 2531 891 2596 N.
911 2531 949 2599 S.
968 2551 1035 2614 que
1050 2531 1084 2596 la
1103 2529 1226 2596 uenida
1247 2532 1291 2598 de
1313 2531 1357 2597 V.
1382 2531 1422 2598 R.
1445 2552 1491 2596 no
1514 2530 1612 2596 sirua

373 2644 517 2712 tanbisn
538 2667 620 2730 para
641 2646 787 2713 hallarse
807 2667 850 2712 en
871 2644 1018 2738 election
1040 2647 1083 2713 de
1099 2666 1289 2724 successor,
1307 2666 1389 2732 para
1405 2646 1435 2710 la
1461 2646 1540 2730 qual
1563 2667 1611 2712 no

376 2781 414 2827 se
430 2761 551 2848 podria
567 2782 707 2828 escusar
723 2759 767 2829 de
784 2760 893 2840 uenis,
913 2781 1050 2848 aqnque
1065 2782 1107 2828 en
1125 2759 1205 2826 uida
1221 2761 1264 2826 de
1280 2761 1325 2836 N.
1345 2761 1386 2827 P.
1406 2783 1450 2827 no
1464 2759 1609 2828 uiniese.

376 2875 418 2942 El
434 2897 477 2944 en
493 2897 535 2942 su
551 2878 654 2943 modo
669 2877 713 2943 de
729 2878 823 2943 ablat
839 2897 961 2962 pareze
977 2896 1044 2961 que
1060 2897 1124 2943 nos
1139 2878 1184 2943 da
1199 2883 1219 2942 ἐι
1236 2877 1402 2946 entender
1415 2877 1506 2962 quod
1524 2886 1612 2942 tem-

378 3012 443 3078 pus
466 2991 687 3060 resolutionis
710 2991 815 3059 instat
836 2992 860 3059 ².
884 2992 1054 3075 Todauia,
1084 3013 1194 3078 ruego
1217 2997 1238 3058 ά
1262 2992 1345 3060 Dios
1366 2993 1411 3058 N.
1434 2993 1471 3060 S.
1496 2989 1535 3078 (si
1560 2995 1612 3058 asi

377 3108 475 3175 fuere
495 3107 644 3192 seruido)
666 3107 761 3192 quite
782 3108 826 3176 de
847 3106 913 3173 mis
933 3107 1019 3186 dias,
1042 3129 1196 3194 yponga
1217 3129 1260 3174 en
1281 3108 1332 3174 los
1353 3129 1472 3192 suyos,
1490 3127 1612 3191 queso

374 3223 522 3308 enplean
539 3233 635 3289 tanto
652 3222 758 3307 mejor
774 3245 817 3290 en
834 3223 867 3290 el
882 3221 1001 3288 diuino
1017 3221 1174 3290 seruitio.

445 3338 487 3404 El
513 3341 552 3405 P.
584 3338 667 3406 Luis
690 3338 867 3422 Gonoalez
893 3338 985 3424 nego
1009 3337 1095 3406 siete
1118 3343 1139 3404 ό
1163 3340 1250 3406 ocho
1274 3339 1348 3406 dias
1371 3338 1520 3424 despuos
1543 3359 1612 3422 que

378 3455 424 3520 N.
444 3454 484 3520 P.
503 3453 650 3522 resciuio
665 3455 716 3520 ias
732 3456 775 3521 de
791 3455 835 3521 V.
856 3454 897 3520 R.
917 3455 960 3522 de
977 3471 1019 3538 23
1036 3475 1058 3538 y
1075 3454 1119 3520 26
1134 3454 1177 3521 de
1194 3456 1311 3540 Maroo
1331 3476 1354 3538 y
1368 3471 1412 3552 ,Μ
1434 3451 1479 3520 de.
1500 3453 1610 3532 Abril,

376 3590 401 3656 y
416 3570 567 3657 despuss
582 3569 627 3637 de
642 3570 674 3635 le
690 3590 775 3635 auer
789 3569 909 3636 scritto
925 3568 958 3634 la
974 3568 1169 3637 obedientia
1184 3569 1227 3635 de
1244 3567 1354 3636 uenit.
1374 3570 1441 3635 Las
1457 3569 1560 3636 letras
1575 3587 1614 3635 se

381 3687 451 3750 han
467 3684 630 3754 deienido
645 3663 772 3750 niucho
788 3706 832 3750 en
848 3682 970 3770 partit,
989 3707 1010 3769 y
1027 3690 1076 3752 asi
1093 3696 1184 3753 estas
1200 3705 1268 3750 uan
1285 3705 1350 3750 con
1367 3684 1461 3752 elias.

447 3800 504 3867 No
519 3812 606 3880 otta,
625 3799 701 3867 sino
717 3821 783 3885 que
800 3823 843 3867 en
859 3801 911 3866 las
927 3799 1099 3868 orationes
1119 3823 1141 3885 y
1163 3799 1350 3867 sacrificios
1365 3801 1409 3868 de
1430 3801 1471 3866 V.
1495 3802 1535 3866 R.
1560 3822 1617 3868 me

377 3916 606 3985 encomiendo
622 3917 665 3983 de
681 3921 840 3984 corazon.

449 4033 517 4100 Sea
533 4052 598 4097 con
616 4032 716 4097 todos
727 4033 811 4119 Jesu
829 4030 894 4097 X.⁰

449 4150 503 4216 De
519 4148 627 4214 Roma
644 4165 664 4230 7
679 4147 724 4214 de
740 4146 845 4234 Junio
867 4162 964 4231 1553.

450 4263 646 4348 inscriptio.
666 4265 755 4330 Para
771 4263 802 4329 el
818 4261 941 4329 mismo
956 4259 1071 4350 [Mtro.
1090 4261 1233 4354 Simon].
1252 4262 1317 4330 Del
1337 4265 1376 4328 P.
1397 4263 1559 4330 Polanco.

439 4515 448 4546 ¹
485 4512 530 4566 Ex
542 4512 644 4566 codice
659 4511 777 4584 Regest.
793 4511 816 4576 I,
831 4510 865 4570 ff.
879 4509 1018 4580 67v·68r.

437 4605 449 4635 ³
486 4601 514 4656 11
527 4601 653 4658 aoTui.
670 4601 722 4672 IV,
735 4601 763 4656 6.
