3567 5409
430 462 484 523 ⁵²4
809 452 1016 508 Monortnrtra
1035 453 1212 511 locarunt

463 604 533 692 Qui
551 606 676 673 mando
691 604 757 675 alla
772 607 815 674 R.
834 607 876 674 V.
898 626 968 673 una
985 606 1107 674 lettera
1127 606 1183 673 del
1203 606 1324 694 signor
1339 628 1405 675 suo
1420 608 1525 695 padre
1542 610 1609 690 ²‚la

395 722 498 807 quale
514 721 560 788 mi
576 720 673 809 potrd
690 721 861 791 rimandar
875 742 973 789 come
992 720 1018 787 l'
1034 719 1161 789 habbia
1178 721 1278 792 oisto.
1298 721 1367 791 Noi
1381 744 1453 790 non
1469 723 1609 811 sapiam

394 836 485 904 altro
500 836 535 903 di
553 857 669 904 nuouo
685 838 729 905 de
744 834 898 925 Spagna.

461 952 625 1022 Almunia
637 954 682 1021 ’ὁ
698 965 828 1022 uenuto
844 974 865 1019 a
881 952 927 1021 mi
943 954 1056 1041 parler
1069 966 1102 1021 et
1123 952 1157 1022 io
1172 954 1194 1020 l’
1212 955 1259 1021 ho
1278 955 1401 1024 offerto
1417 954 1441 1021 l'
1454 976 1556 1043 opera
1569 956 1608 1024 de

393 1066 496 1137 Mtro.
518 1068 641 1137 Pontio
656 1070 682 1153 ⁰,
700 1079 788 1139 etse
803 1070 951 1157 qualche
968 1090 1049 1138 cosa
1063 1070 1149 1138 altra
1166 1068 1200 1139 io
1214 1071 1328 1159 porro.

462 1187 531 1254 Per
545 1185 578 1252 la
594 1195 753 1272 presente
769 1206 838 1252 non
853 1185 901 1253 mi
917 1206 1058 1254 occorre
1073 1184 1147 1257 dire
1162 1184 1262 1271 altro,
1275 1176 1320 1258 'se
1332 1209 1402 1255 non
1421 1186 1526 1255 chesi
1540 1211 1613 1277 pre·

391 1316 522 1388 parano
537 1302 569 1369 le
587 1300 801 1369 conclusioni
819 1302 864 1370 de
886 1300 1060 1389 theologia
1079 1311 1114 1372 et
1133 1302 1312 1390 philosofia
1332 1315 1367 1373 et
1388 1303 1533 1373 orationi
1551 1326 1607 1393 per

377 1430 380 1435 '
396 1427 521 1503 questo
535 1414 702 1506 principio
718 1417 807 1486 dello
821 1416 951 1488 studio.
1092 1510 1095 1514 ¹

460 1532 519 1603 Sia
530 1532 615 1623 Jesd
631 1528 696 1600 X.⁰
712 1530 748 1601 in
764 1533 861 1601 {auor
877 1544 913 1603 et
929 1532 1049 1622 agiuto
1063 1534 1109 1602 de
1126 1532 1218 1602 tutti.
1237 1536 1369 1628 Arnen.

459 1651 514 1718 De
530 1649 638 1716 Roma
654 1666 697 1733 27
714 1646 749 1716 di
765 1650 960 1719 settembre
977 1666 1075 1736 1553.
1740 1712 1742 1722 .

460 1764 654 1852 Inscriptio.
671 1766 704 1833 Α
721 1764 884 1847 Messina,
898 1788 960 1853 per
971 1764 996 1831 il
1009 1768 1050 1835 P.
1066 1768 1168 1835 Mtro.
1183 1765 1389 1836 Hieronimo
1402 1769 1610 1837 Domenech.
1740 1753 1741 1834 ἶ

950 1936 1059 2019 ortt

490 2070 629 2144 PATRI
653 2076 940 2146 HIERONYMO
961 2076 1258 2147 DOMENECCO
1283 2078 1346 2147 Ex
1369 2079 1523 2147 COMM.

766 2221 854 2266 noxa
867 2222 903 2279 27
915 2220 1112 2269 omnnem
1126 2209 1194 2280 ¹553
1208 2214 1229 2270 ¹.

398 2314 575 2380 Turrianua
586 2322 656 2380 bena
664 2323 964 2399 valet-Canope
972 2326 1160 2382 aociorumet
1168 2324 1348 2397 officiorum
1359 2326 1616 2401 provinciatim·

445 2412 494 2469 tcta
504 2412 651 2486 poscitur.
658 2412 754 2469 -Pro
763 2414 951 2487 expeditione
964 2411 1064 2471 butlu
1076 2414 1159 2471 Stat.
1175 2414 1297 2471 diuina
1309 2416 1347 2470 da
1360 2414 1475 2487 crypta
1488 2415 1614 2473 notat·

446 2503 622 2562 mittantur:
641 2502 802 2579 collegium
821 2518 986 2560 romanum
1007 2504 1180 2561 manime
1200 2503 1335 2561 maxima
1344 2504 1614 2577 promittam-Post

444 2590 602 2665 scriptum.
618 2591 664 2647 De
676 2589 842 2666 diplomate
854 2594 1047 2666 expediendo.

460 2707 488 2777 Il
508 2710 569 2777 Dr.
595 2710 721 2781 Torres
743 2710 755 2745 ¹
779 2722 833 2779 sta
852 2709 912 2799 gia
933 2732 1030 2793 sano,
1052 2723 1088 2780 et
1109 2710 1276 2799 piacendo
1296 2734 1318 2781 a
1337 2710 1405 2779 Dio
1426 2710 1614 2801 leggerdla

395 2824 575 2913 philosofia
590 2826 757 2894 naturale.

460 2940 586 3009 Nostro
604 2940 714 3012 Padre
729 2941 777 3009 mi
792 2945 837 3011 ha
851 2943 949 3039 detto
963 2940 1127 3011 scriuiese
1143 2942 1209 3010 alla
1230 2944 1272 3011 R.
1297 2944 1341 3010 V.
1366 2942 1399 3009 ci
1419 2944 1580 3013 mandase
1596 2963 1615 3009 a

394 3056 502 3125 Roma
518 3078 587 3127 una
601 3056 679 3125 lista
694 3058 738 3125 de
751 3058 831 3127 tutti
847 3058 952 3145 quelli
968 3060 1036 3130 che
1057 3080 1143 3127 sono
1162 3058 1199 3161 in
1220 3056 1337 3128 Sicilia
1358 3058 1449 3128 della
1469 3059 1614 3147 Compa-
1741 3096 1743 3154 i

391 3172 488 3261 goia,
505 3173 595 3242 doue
610 3172 639 3241 si
655 3174 732 3243 dica
747 3173 772 3242 il
783 3174 1027 3263 nome,patria,
1042 3176 1156 3262 quello
1164 3176 1231 3245 che
1245 3196 1296 3257 sa,
1315 3172 1376 3243 sia
1393 3176 1569 3243 sacerdote
1582 3184 1613 3243 et
1741 3156 1743 3222 i

391 3290 460 3359 che
474 3289 520 3357 fa.
535 3290 579 3357 V.
595 3290 636 3357 R.
655 3290 766 3359 conla
781 3291 890 3378 prima
922 3291 1165 3383 [opJportunita
1177 3290 1301 3361 mande
1318 3291 1413 3359 detta
1429 3289 1508 3359 tista
1524 3287 1612 3358 accio
1741 3299 1742 3388 ᾗ

391 3404 443 3474 sia
459 3405 503 3474 N.
522 3407 566 3476 P.
582 3418 826 3477 essattamente
843 3407 1026 3476 informato
1041 3408 1097 3475 del
1115 3417 1217 3476 tutto.

459 3522 505 3591 Se
521 3519 550 3587 si
566 3523 656 3592 deue
671 3521 806 3610 spedire
822 3524 937 3609 quella
952 3522 1043 3590 bolla
1054 3522 1146 3591 della
1156 3522 1362 3591 anneosione
1374 3523 1419 3593 de
1429 3536 1530 3591 santa
1541 3522 1609 3589 na·
1741 3509 1742 3558 t

393 3636 442 3705 ria
457 3638 546 3706 della
561 3638 698 3719 Grotta,
717 3640 760 3707 V.
776 3640 818 3707 R.
837 3638 927 3707 uada
942 3636 973 3704 ci
988 3637 1078 3707 seria
1093 3639 1182 3707 bene
1204 3638 1256 3705 tar
1277 3638 1400 3707 alcuna
1421 3634 1609 3725 prouisione
1741 3667 1742 3734 3

390 3756 435 3821 de
450 3753 581 3824 denari.
599 3755 758 3825 Secondo
772 3754 796 3820 l’
814 3754 935 3823 ordine
948 3756 1031 3842 perd
1047 3750 1105 3841 gin
1116 3752 1311 3821 accordato
1325 3755 1377 3822 fra
1395 3752 1452 3820 noi
1472 3752 1496 3820 li
1515 3770 1610 3840 posto
1741 3751 1742 3824 j

390 3868 465 3938 dire
480 3868 516 3938 in
533 3869 653 3951 uerita,
671 3872 737 3939 che
751 3869 786 3935 in
806 3880 930 3957 questo
951 3880 1069 3937 nostro
1089 3868 1237 3957 collegio
1253 3868 1285 3937 ci
1306 3870 1326 3937 ὁ
1348 3890 1394 3936 un
1411 3868 1543 3955 grande
1564 3864 1611 3932 bi·

388 4006 514 4074 sogno,
529 3996 564 4054 et
581 4000 738 4073 perpura
753 3983 921 4053 necessita
936 3982 970 4051 (Υ
986 3982 1118 4072 alogiar
1133 3996 1240 4072 gente
1255 3986 1378 4053 dstato
1396 3980 1609 4073 ne[ce]ssario

388 4099 493 4169 etiam
508 4102 552 4169 de
567 4098 714 4169 fabricat
727 4122 774 4168 un
789 4120 901 4189 puoco
917 4099 952 4167 in
968 4122 1055 4171 esso.
1076 4102 1180 4169 Basta
1195 4100 1263 4170 che
1279 4101 1322 4168 V.
1342 4102 1384 4167 R.
1399 4098 1451 4167 sia
1464 4101 1604 4168 auisato.

444 4273 454 4305 ²
493 4270 597 4325 Petrus
610 4270 825 4339 Domeneccun
838 4268 914 4327 elius
926 4286 944 4325 a
955 4269 1044 4325 Petro
1056 4268 1255 4341 Domeneoco,
1268 4268 1388 4329 abbate.

443 4360 455 4395 ⁸
492 4359 615 4414 Michnel
630 4356 781 4415 Atmunia?
795 4358 889 4431 Epor,
905 4360 1030 4432 Mixtoa,
1043 4359 1069 4429 1,
1081 4370 1127 4429 91.

443 4450 455 4483 ⁰
492 4446 614 4503 Pontius
628 4446 831 4519 Cogordanuo.

444 4603 452 4635 ¹
491 4600 535 4654 Ex
548 4597 650 4653 codice
661 4596 779 4671 Regnat.
795 4598 819 4663 1,
835 4597 865 4657 ff.
879 4596 1012 4655 32v·33r.

441 4694 454 4721 '
492 4687 524 4743 P.
540 4688 692 4743 Baithasar
703 4686 873 4746 turrianus.
885 4686 1067 4758 POLARCUS,
1080 4688 1203 4752 Chron„
1214 4687 1264 4759 ΙΙΙ,
1274 4685 1334 4743 Set
1347 4700 1379 4752 9.
