3567 5409
380 456 434 514 7¹0
762 448 971 503 Mouuussm
989 447 1169 503 Iouerum

414 599 457 664 Et
473 621 542 665 non
558 602 705 668 essendo
721 612 843 687 questa
858 623 919 688 per
935 602 1035 682 altro,
1053 600 1242 668 solamente
1257 601 1429 686 pregherd
1441 600 1474 667 la
1488 599 1570 665 diui·

346 736 392 782 na
407 726 442 782 et
457 737 587 782 somma
603 717 711 784 bonta
727 738 748 782 a
765 714 844 782 tutti
860 717 1013 784 conceda
1028 716 1140 804 gratia
1155 714 1190 781 di
1205 714 1335 785 sentire
1356 737 1492 800 sempre
1511 736 1568 781 sua

323 830 540 898 .santissima
571 831 723 913 volontat,
756 843 790 899 et
822 854 888 900 con
916 833 1030 918 quella
1049 831 1313 919 perfettamente
1334 831 1574 898 conformarci.

347 948 474 1013 Amen.

415 1061 461 1130 Di
477 1065 584 1130 Roma
605 1082 644 1152 19
659 1064 694 1130 di
710 1065 909 1134 Novembre
928 1081 1025 1151 1553.

418 1181 613 1264 Inscriptio.
633 1179 768 1266 Napoli,
787 1203 847 1268 per
862 1180 885 1247 il
902 1182 993 1248 duca
1007 1180 1043 1248 di
1060 1182 1294 1250 Monteleone.

912 1354 1018 1437 392⁰

551 1492 835 1564 NICOLAO
871 1494 1073 1563 PETRO
1109 1496 1378 1564 CAESARI

741 1641 830 1684 noun
847 1641 880 1698 19
891 1642 1075 1685 novarianis
1090 1628 1159 1700 1553
1173 1631 1194 1684 ¹.

631 1746 715 1801 Idem
728 1750 947 1820 argumentum
960 1747 1130 1819 superioris
1143 1747 1295 1818 epistolae.

418 1871 526 1936 Molto
544 1870 731 1956 magnifico
747 1870 865 1958 signor
882 1870 951 1938 mio
966 1873 1022 1939 nel
1037 1871 1166 1957 Signor
1182 1883 1312 1939 nostro.

354 2033 357 2040 -
419 1986 468 2052 La
484 2008 615 2053 somma
631 1985 743 2073 gratia
758 1997 793 2054 et
810 2009 926 2055 amore
942 1997 1062 2058 eterno
1077 1991 1121 2057 de
1137 1988 1279 2056 Christo
1294 1990 1338 2055 N.
1358 1988 1395 2056 S.
1422 1987 1473 2053 sia
1493 2009 1584 2054 sern-

351 2122 410 2188 pre
426 2101 462 2167 in
479 2101 573 2168 aiuto
589 2114 623 2171 et
642 2104 739 2170 fauor
756 2115 886 2170 nostro.

420 2218 477 2284 Ho
494 2217 651 2286 riceuuto
668 2219 782 2303 quella
798 2218 832 2284 di
845 2220 888 2286 V.
906 2220 1009 2298 Sria.‚
1024 2222 1127 2300 douc,
1142 2243 1208 2286 con
1221 2220 1335 2305 quella
1347 2221 1578 2288 moderatione

352 2333 381 2399 si
398 2336 481 2418 pud,
500 2345 720 2419 rappresenta
735 2335 759 2399 il
774 2355 838 2402 suo
854 2335 1025 2404 desiderio
1041 2335 1075 2400 di
1092 2336 1304 2422 complacere
1325 2336 1391 2402 alla
1412 2357 1477 2402 sua
1496 2357 1576 2402 con-

353 2460 446 2517 sorte
461 2470 527 2515 con
546 2450 578 2516 la
593 2449 681 2517 vista
697 2450 733 2515 d’
751 2450 952 2518 Ottauiano.
971 2453 1015 2518 Et
1030 2449 1067 2517 in
1083 2473 1178 2533 uero,
1196 2451 1231 2517 in
1253 2462 1385 2537 quanto
1399 2452 1428 2518 si
1445 2462 1578 2538 potesse

354 2586 458 2630 senza
474 2565 689 2651 pregiudicio
703 2565 738 2632 di
751 2587 828 2632 esso
842 2567 1045 2646 Ottauiano,
1059 2577 1093 2633 et
1105 2567 1162 2634 del
1173 2568 1292 2634 diuino
1303 2567 1459 2653 seruigio
1471 2567 1506 2632 in
1518 2568 1576 2649 lui,

354 2681 388 2746 io
404 2680 545 2746 haueria
561 2681 666 2746 molto
690 2702 771 2748 caro
795 2682 829 2747 di
853 2681 1019 2748 sodislare
1039 2684 1104 2749 alle
1125 2683 1259 2751 uiscere
1279 2695 1445 2763 materne,
1468 2683 1586 2750 dando

356 2794 457 2863 etiam
476 2795 601 2881 doppia
616 2796 852 2864 consolatione
869 2819 889 2863 a
905 2799 947 2864 V.
964 2798 1067 2878 ssia,
1085 2820 1184 2866 come
1200 2821 1282 2885 pare
1297 2799 1331 2864 la
1347 2799 1579 2879 riceuerebbe‚

357 2911 515 2979 uedendo
532 2911 695 2996 quietarsi
711 2913 745 2978 la
760 2915 890 2993 madre,
916 2925 951 2982 et
974 2915 1137 2981 hauendo
1160 2914 1275 2981 inanzi
1299 2915 1321 2979 il
1345 2915 1515 3000 figliuolo.
1542 2917 1582 2980 Et

357 3027 494 3110 quando
511 3026 542 3093 ci
559 3027 792 3095 risoluessimo
808 3028 842 3094 di
858 3030 944 3096 farlo
961 3029 1058 3096 uenir
1074 3053 1094 3097 a
1111 3032 1231 3109 Roma,
1249 3041 1372 3114 questo
1387 3031 1416 3096 si
1430 3032 1581 3110 farebbe,

357 3142 392 3208 di
408 3141 564 3208 lasciarlo
581 3143 730 3228 qualche
746 3144 781 3210 dl
797 3145 833 3211 in
849 3144 985 3231 Napoli,
1003 3159 1039 3214 et
1055 3147 1110 3232 poi
1126 3145 1216 3212 finir’
1235 3146 1258 3211 il
1271 3145 1412 3232 viaggio
1429 3169 1509 3213 suo.
1529 3149 1583 3213 Ma

358 3257 483 3343 perche
502 3279 570 3324 non
588 3259 756 3328 conulene
773 3259 978 3342 uiolentare,
996 3263 1041 3328 ne
1065 3263 1177 3329 anche.
1200 3261 1392 3348 inquietare
1415 3263 1448 3329 la
1471 3270 1592 3330 mente·

358 3370 392 3438 d'
408 3373 611 3456 Ottauian0‚
630 3376 840 3443 mettendolo
856 3376 890 3440 in
907 3375 1041 3463 magior
1057 3377 1206 3463 pericolo
1221 3377 1256 3442 di
1278 3378 1393 3462 quello
1415 3381 1484 3445 che
1506 3400 1586 3443 sua·

293 3509 298 3520 ·
360 3501 519 3556 uemente
536 3491 605 3575 pud
621 3491 741 3576 padre,
760 3491 867 3577 prima
883 3493 950 3559 che
970 3492 999 3560 si
1023 3493 1148 3560 risolua
1168 3513 1232 3559 sua
1253 3502 1380 3559 venuta
1401 3492 1586 3579 bisognerd

360 3606 486 3673 uedere
503 3605 534 3671 la
550 3604 774 3691 dispositione
790 3608 845 3673 del
862 3628 926 3674 suo
941 3607 1057 3675 animo
1072 3621 1113 3701 et
1123 3608 1277 3689 voluntd3
1295 3609 1330 3675 di
1346 3609 1448 3675 modo
1472 3610 1540 3678 che
1554 3609 1587 3674 io

361 3742 429 3786 non
447 3741 549 3806 posso
565 3721 679 3788 offerir
695 3723 793 3802 altro,
811 3726 876 3790 che
891 3725 925 3790 la
941 3725 1080 3791 volonta
1092 3713 1343 3811 promptissima
1354 3723 1390 3788 di
1404 3726 1467 3807 far,
1482 3746 1588 3810 quan·

361 3850 396 3903 to
412 3837 468 3904 nel
484 3837 613 3923 Signor
626 3847 746 3905 nostro
759 3837 805 3904 mi
818 3842 895 3906 sara
907 3838 1080 3925 possibile,
1095 3841 1209 3925 quello
1221 3843 1286 3909 che
1298 3842 1331 3906 lo
1345 3842 1452 3906 lllmo.
1468 3841 1587 3926 signor

360 3954 450 4018 duca
466 3953 477 3984 '
495 3963 531 4019 et
546 3955 656 4019 anche
672 3954 716 4020 V.
735 3952 823 4022 Sria.
842 3965 969 4021 mostra
984 3955 1192 4022 desiderare.

427 4066 574 4154 Degnisl
588 4069 620 4133 la
637 4068 755 4134 diuina
771 4081 806 4138 et
821 4091 954 4137 summa
967 4071 1073 4138 bonta
1086 4070 1282 4140 conuertire
1294 4094 1314 4137 a
1325 4094 1363 4139 se
1375 4083 1485 4138 stessa
1498 4081 1597 4137 tutto

361 4185 384 4248 l'
402 4205 518 4249 amore
534 4193 570 4249 et
586 4186 704 4252 affetto
719 4196 848 4265 nostr0,
867 4185 964 4252 accio
979 4189 1130 4253 secondo
1145 4186 1206 4267 lui,
1228 4197 1263 4254 et
1287 4208 1356 4254 non
1381 4186 1587 4267 altrimente,

363 4299 508 4365 amiamo
524 4300 557 4367 le
574 4298 659 4365 altre
675 4321 738 4366 sue
753 4311 923 4384 creature3
939 4312 974 4371 et
989 4323 1010 4368 a
1025 4302 1106 4367 tutti
1122 4301 1178 4368 dia
1201 4301 1312 4388 gratia
1336 4303 1536 4369 abundante
1557 4301 1597 4366 di

364 4435 549 4482 conoscere
565 4426 600 4482 et
616 4415 795 4501 esseguire
810 4437 945 4502 sempre
962 4439 1024 4483 sua
1040 4417 1235 4486 santissima
1251 4419 1407 4487 volunta.

416 4583 423 4616 ¹
465 4585 509 4638 Ex
523 4584 625 4640 codice
638 4586 756 4659 Regest.
772 4587 796 4655 I,
813 4585 863 4644 fol.
878 4587 1126 4658 zoom—Certae,
1139 4607 1169 4648 n.
1181 4588 1396 4647 CCCLXXIV.

416 4679 427 4708 ²
465 4675 577 4730 Hector
591 4675 796 4747 Pignatellius,
807 4677 867 4732 dux
879 4676 1095 4747 Montisleonis,
1106 4678 1155 4734 cui
1165 4679 1300 4750 superior
1308 4681 1435 4752 epistola
1444 4680 1596 4737 scribitur.
