3567 5409
441 472 494 543 586
820 474 1028 533 Montium
1045 475 1225 532 Inninini

406 628 463 697 del
479 649 542 695 suo
559 638 661 696 canto
678 638 768 693 tutto
784 630 886 715 quelo
899 631 964 696 che
974 632 1052 697 sari
1067 629 1256 716 amaggior
1270 638 1387 697 nostra
1399 627 1626 699 consolatione

411 754 447 813 et
465 742 608 813 seruitio
624 744 659 809 d'
677 744 774 812 Iddio
795 744 840 812 N.
864 744 902 813 S.
927 746 997 826 Ma,
1020 766 1092 812 non
1112 746 1258 815 essendo
1280 746 1473 811 imformato
1492 766 1511 811 a
1528 743 1626 831 pieno

407 860 497 929 delle
507 880 587 929 cose
598 870 727 940 nostre,
740 872 775 927 et
785 860 1030 947 specialmente
1042 861 1131 929 delle
1142 882 1247 929 cause
1258 862 1326 931 che
1337 860 1372 927 ui
1385 881 1529 929 moueno
1539 862 1626 928 ado-

407 976 550 1043 mandar
566 975 794 1057 absolutione,
813 976 836 1044 li
854 976 872 1043 ὲ
889 976 1084 1045 necessario
1100 979 1169 1043 che
1183 977 1306 1045 iaciate
1320 976 1444 1044 unode
1455 976 1521 1045 due
1534 996 1620 1047 cose.

408 1092 458 1158 La
474 1092 582 1177 prima
597 1092 753 1174 sarebbe‚
774 1091 907 1161 uenesti
924 1092 960 1159 in
976 1113 1044 1178 qua
1065 1104 1100 1162 et
1116 1115 1136 1160 a
1162 1092 1248 1161 boca
1262 1091 1435 1179 esplicasti
1450 1092 1483 1159 le
1501 1092 1625 1179 ragioni

408 1217 537 1288 vostre,
554 1219 759 1294 persuposto
775 1209 888 1295 quello
904 1210 972 1277 che
986 1210 1019 1275 al
1035 1207 1203 1296 principio
1220 1208 1256 1275 ui
1272 1209 1320 1274 ho
1331 1209 1441 1287 detto,
1454 1210 1517 1274 che
1527 1208 1568 1275 N.
1583 1210 1621 1277 P.

409 1322 506 1390 uoria
522 1322 728 1392 consolarui.
755 1324 804 1391 La
827 1326 898 1405 λ’,
916 1346 987 1391 non
1007 1323 1044 1391 ui
1059 1325 1211 1412 potendo
1234 1333 1356 1393 metter
1378 1324 1468 1391 nella
1486 1321 1547 1404 uia,
1563 1326 1625 1392 che

410 1438 551 1525 parlasti
567 1460 632 1506 con
649 1437 671 1504 il
689 1440 800 1506 Padrc
818 1441 888 1507 don
909 1441 1057 1508 Alionso
1078 1440 1274 1521 Salmeron,
1300 1438 1329 1507 si
1351 1461 1419 1506 non
1444 1438 1557 1506 uoletti
1571 1441 1624 1509 nei

409 1553 557 1641 collegio
574 1576 634 1641 per
650 1553 731 1622 boni
755 1556 913 1642 respetti,
940 1557 1119 1623 iacendolo
1143 1555 1243 1625 uenit
1265 1579 1286 1624 a
1307 1555 1454 1641 qualche
1477 1554 1587 1622 chinea
1603 1576 1626 1621 o

409 1690 501 1751 casa,
520 1682 556 1737 et
571 1669 782 1738 dechiaratili
806 1670 829 1737 li
854 1672 973 1739 motiui
996 1672 1105 1739 nostri
1129 1670 1224 1739 accio
1244 1672 1270 1738 11
1289 1672 1402 1739 serina
1425 1692 1446 1736 a
1468 1671 1511 1738 N.
1535 1670 1624 1751 Ρ.;11

410 1784 523 1870 quale,
541 1806 579 1853 se
595 1784 800 1872 giudichari
816 1808 886 1855 non
907 1808 1001 1857 esser
1017 1798 1136 1856 contra
1156 1786 1180 1854 il
1194 1788 1314 1853 diuino
1334 1786 1477 1854 seruitio
1484 1784 1625 1853 ‘damin

380 1984 384 1991 .
411 1900 459 1967 tal
475 1901 676 1981 assolution,
695 1899 730 1968 ui
747 1903 779 1969 la
794 1904 878 1971 dari
893 1902 1174 1991 gratiosamente.

478 2017 521 2082 Et
538 2017 624 2084 altro
640 2036 710 2083 non
727 2019 855 2086 accade
870 2041 931 2105 per
947 2030 1081 2107 questa,
1100 2042 1138 2089 se
1154 2042 1223 2086 non
1241 2021 1391 2107 preghar
1406 2019 1438 2085 la
1453 2014 1561 2084 diuina
1576 2036 1623 2085 sa·

414 2130 542 2217 pientia
557 2131 702 2199 illumini
718 2132 742 2200 il
757 2146 876 2202 nostro
891 2156 986 2217 core,
1005 2146 1040 2204 et
1055 2134 1085 2202 si
1101 2134 1207 2222 degni
1220 2134 1382 2219 guidorui
1397 2156 1458 2221 per
1469 2135 1500 2200 la
1511 2132 1561 2199 uia
1573 2131 1627 2199 del
1740 2163 1741 2174 ¹

413 2246 532 2313 diuino
549 2246 691 2316 seruitio
707 2249 773 2316 alla
790 2260 906 2317 nostra
921 2262 1040 2318 eterna
1055 2252 1179 2320 salute.
1197 2253 1326 2323 Amen.

418 2362 421 2369 '
477 2364 531 2430 De
547 2364 654 2430 Roma
675 2379 713 2448 15
730 2365 774 2433 de
790 2366 941 2433 Ottubre
961 2383 1059 2451 1553.

478 2480 675 2566 Inscripiio.
695 2480 831 2566 Napoli,
850 2502 911 2567 per
927 2481 1131 2549 Hieronimo
1147 2481 1244 2549 Riola
1259 2484 1289 2547 ¹.

976 2680 1082 2763 3834

532 2827 677 2895 PATRI
698 2828 959 2899 ALPHONSO
983 2830 1258 2899 SALMERONI
1284 2833 1346 2899 EX
1368 2832 1522 2901 COMM.

812 2984 901 3027 noun
917 2984 949 3042 15
963 2984 1122 3029 occonnis
1137 2971 1207 3043 1553
1217 2974 1241 3031 ¹.

417 3092 575 3167 Ugolatius
586 3110 655 3149 cum
667 3096 755 3150 sociis
768 3096 801 3150 in
816 3096 955 3151 Siciliam
970 3096 1250 3155 tendit-Litterae
1264 3100 1442 3170 mittuntur,
1461 3100 1496 3154 in
1519 3098 1631 3157 Urbini

464 3182 613 3238 sociorum
633 3182 808 3238 abeuntium
821 3182 1055 3257 festinationem
1074 3185 1424 3246 relictam—Subsidium
1441 3191 1501 3260 pro
1517 3188 1630 3265 eulogio

462 3274 643 3347 germanico
649 3272 1154 3347 procurandum-Gaudiano
1163 3276 1630 3335 cinnamomum-oman

466 3364 578 3418 Βνοέἰο
590 3366 619 3419 ei
635 3362 839 3419 minin-De
854 3363 1040 3437 Hieronymo
1053 3364 1154 3423 Riolo.

483 3502 555 3567 Pax
572 3496 625 3566 X.¹

481 3614 634 3683 Venerdi
650 3636 670 3681 a
692 3614 731 3680 16
748 3614 833 3681 hore
849 3614 1002 3700 partirno
1017 3614 1043 3680 il
1059 3616 1171 3684 Padre
1190 3617 1261 3683 don
1284 3615 1419 3703 Elpidio
1437 3616 1450 3649 ¹
1467 3627 1502 3687 et
1522 3635 1559 3685 12
1573 3618 1629 3685 fra·

418 3728 488 3799 telli
504 3751 570 3798 con
587 3729 634 3797 lui
650 3731 683 3797 la
699 3731 793 3798 uolta
809 3729 843 3796 di
860 3728 983 3817 Napoli
999 3742 1034 3797 et
1050 3730 1178 3812 Sicilia,
1196 3752 1258 3819 per
1273 3732 1398 3814 Gaeta,
1416 3742 1452 3801 et
1471 3737 1561 3801 resto
1579 3732 1630 3820 qui

414 3866 480 3913 con
496 3845 530 3913 la
546 3845 648 3912 {retia
663 3846 697 3912 la
712 3846 834 3914 lettera
851 3844 959 3913 chesi
975 3844 1136 3915 scriueua
1150 3866 1217 3913 con
1233 3847 1308 3914 loro
1323 3848 1390 3915 alla
1405 3849 1448 3919 R.
1473 3849 1532 3927 V..
1555 3870 1632 3934 qua·

468 4058 479 4094 ¹
516 4058 561 4115 En
574 4075 678 4115 verum
688 4074 853 4129 cognomen
862 4059 985 4131 juvenis
998 4059 1087 4130 illins,
1102 4058 1154 4133 qui
1166 4060 1367 4133 Hieronymus
1380 4060 1499 4118 Siculos
1509 4060 1577 4117 aiibi
1588 4078 1633 4117 vo

416 4148 905 4220 catuseit.1.itt.Quaarim.,11,
923 4149 968 4221 873
988 4149 1171 4221 PocnnctJS,
1191 4147 1316 4215 chron„
1334 4150 1390 4219 111,
1409 4162 1472 4221 1923
1489 4151 1633 4223 Epinoion

360 4287 363 4295 ,
417 4238 478 4293 Ρ...
493 4237 695 4306 Salmeronis,
708 4238 732 4309 1,
749 4251 811 4307 109.
822 4236 950 4305 Causam
963 4254 1047 4306 vero,
1059 4254 1112 4293 cor
1124 4256 1142 4293 e
1154 4236 1305 4294 Societcte
1318 4237 1400 4294 abire
1412 4240 1533 4295 volebat
1542 4255 1633 4313 posce·

415 4327 525 4398 batque
544 4344 577 4381 se
590 4326 668 4382 votis
682 4328 817 4398 relaxari,
833 4325 964 4382 afferunt
975 4326 1130 4382 Salmeron
1143 4334 1174 4383 et
1187 4326 1344 4398 Polancun,
1358 4326 1432 4383 locis
1443 4327 1552 4386 citatis.
1564 4326 1632 4383 me

417 4432 516 4489 supra,
530 4416 684 4487 epistolam
697 4414 781 4487 3810,
795 4424 825 4473 et
838 4433 914 4491 quae
924 4416 1026 4472 statim
1040 4416 1183 4489 sequitur,
1197 4414 1280 4485 3⁸34.

424 4668 429 4675 ν
470 4595 478 4627 ¹
517 4594 561 4650 Ex
573 4594 677 4651 codice
688 4596 808 4669 Regost.
821 4596 848 4661 1,
862 4594 914 4653 iol.
927 4608 978 4665 4zr

519 4683 653 4758 Elpidins
666 4684 837 4756 Ugolettus.
