3567 5409
529 498 633 555 Errsr.
653 490 814 566 3685.-23‘
827 498 973 554 uuousrr
994 494 1064 566 1553
1322 493 1374 565 39¹

192 652 304 735 ltaque
318 660 402 717 tunc
419 650 673 717 communicare
693 648 809 736 quiuis
824 648 944 736 possit3
966 647 995 717 si
1015 649 1090 717 aliis
1109 648 1144 715 in
1166 648 1324 717 domibus
1339 646 1410 735 pri·

188 766 289 833 uatim
304 774 519 861 exercentur,
537 766 650 846 nostri¹
660 765 764 834 etiam
781 766 908 833 ibidem
921 766 1094 835 celebrare
1107 776 1145 836 ,et
1156 764 1409 833 sanctissimum

189 876 433 948 sacramentum
453 881 689 949 administrare
710 892 867 969 possunt,
890 903 955 951 nec
978 882 1139 949 facultate
1159 880 1316 968 indigent
1337 878 1411 967 epi·

189 996 277 1082 scopi
292 998 349 1063 uel
368 997 490 1064 curati.
514 998 552 1066 Si
573 1008 688 1064 tamen
708 998 792 1095 quid
811 974 915 1065 aliud
932 996 1092 1065 uideatur
1117 996 1360 1076 necessarium,
1390 1016 1411 1061 a

189 1112 298 1200 legato
311 1122 325 1153 ⁰
340 1114 526 1199 apostolico
542 1115 598 1181 uel
615 1115 743 1181 nuncio
758 1114 793 1180 id
809 1113 917 1201 possit
933 1112 1091 1180 obtineri.
1336 1116 1341 1125 '

196 1272 201 1281 ·
250 1227 355 1295 Aliud
370 1250 438 1295 non
455 1230 591 1310 addam,
608 1211 674 1297 nisi
694 1230 787 1315 quod
807 1232 963 1297 ualemus
983 1230 1020 1295 in
1035 1227 1233 1297 Domino‘et
1248 1208 1410 1296 orationi·

186 1344 250 1409 bus
267 1344 308 1410 V.
331 1343 441 1411 Rtiae.
464 1366 529 1411 nos
555 1346 850 1427 commendamus,
878 1344 1097 1432 peculiariter
1124 1346 1165 1411 P.
1196 1346 1409 1414 Bemardum

188 1457 373 1525 Oliuerium
388 1470 424 1525 et
440 1462 537 1547 Mag.
559 1460 753 1529 Gerardum
775 1459 981 1540 Brassicam,
1000 1460 1059 1545 qui
1075 1459 1228 1527 febribus
1244 1481 1315 1527 non
1336 1452 1411 1529 ine-

185 1574 338 1642 diocrlter
355 1575 521 1643 laborant.

247 1690 284 1759 Si
299 1688 388 1759 forte
409 1691 451 1758 V.
468 1693 510 1759 R.
532 1690 701 1761 intellexit
720 1692 764 1759 de
791 1692 992 1779 episcopatu
1013 1690 1205 1771 viennensi,
1229 1712 1331 1777 quem
1350 1712 1410 1759 rex

186 1826 397 1873 romanorum
416 1800 446 1843 ‘⁸‘
457 1817 493 1873 et
507 1807 656 1875 nuncius
671 1806 882 1895 apostolicus
900 1809 925 1844 ¹⁸
943 1806 1075 1875 admitti
1090 1804 1105 1846 d
1121 1808 1374 1875 contendebant
1390 1828 1410 1873 a

187 1924 225 1988 Ρ.
242 1921 394 2004 Canisio,
412 1933 448 1988 et
464 1922 576 1989 timuit
596 1946 642 1991 ne
661 1922 697 1989 id
719 1945 737 1989 a
760 1944 897 1991 summo
919 1920 1081 2009 pontifice
1107 1924 1314 2005 obtinerent,
1342 1921 1409 1988 iarn

187 2038 273 2104 bono
290 2059 368 2107 esse
390 2038 504 2105 animo
524 2038 662 2125 poterit3
685 2060 764 2105 nam
785 2039 870 2105 itum
890 2049 945 2106 est
968 2038 1122 2119 obuiam,
1139 2048 1175 2105 et
1190 2048 1347 2105 curatum
1371 2048 1409 2104 ut

187 2164 299 2220 nostra
313 2153 350 2221 in
365 2154 607 2222 summissione
622 2157 698 2222 Deo
713 2154 881 2224 inseruire
897 2155 1062 2224 sinamur.

247 2271 334 2339 Vale
353 2270 390 2336 in
409 2270 644 2359 dominoJesu
664 2270 818 2352 Christo,
845 2271 946 2339 simul
970 2291 1049 2337 cum
1073 2272 1112 2339 P.
1137 2272 1292 2339 Amoldo
1315 2272 1352 2350 ¹¹,
1375 2281 1410 2338 et

186 2386 306 2453 uestris
320 2384 534 2454 orationibus
548 2407 613 2454 nos
627 2388 704 2456 Deo
720 2388 934 2455 commenda.

246 2504 378 2570 Romae
398 2519 437 2569 10
452 2504 614 2569 calendas
629 2503 843 2589 Septembris
863 2520 961 2589 1553.

245 2619 528 2704 Post-scriplum.
552 2619 711 2703 Quanuis
732 2620 819 2687 ratio
841 2620 1021 2687 charitatis
1044 2618 1127 2687 satis
1151 2640 1273 2705 perse
1299 2617 1407 2704 ipsam

182 2734 245 2799 hoc
260 2732 433 2821 iniungat,
448 2744 498 2817 ut,
512 2734 602 2802 inter
617 2735 777 2821 regiones
788 2734 1084 2821 septentrionales
1100 2734 1249 2820 Angliae
1261 2753 1408 2819 regnum

179 2850 255 2931 (boc
270 2848 455 2935 praecipue
471 2851 635 2936 tempore)
656 2849 701 2915 sit
722 2848 1107 2931 commendatissimum,
1134 2850 1239 2929 unde,
1257 2849 1349 2933 quod
1365 2849 1410 2915 de

178 2964 364 3032 Germania
383 2977 419 3031 et
445 2964 520 3032 aliis
539 2965 868 3052 septentrionalibus
886 2964 971 3031 locis
992 2974 1045 3033 est
1069 2986 1178 3051 nuper
1201 2964 1406 3044 iniunctum,

181 3080 433 3148 extendendum
449 3094 540 3150 esset
555 3082 599 3148 ad
616 3083 792 3167 Angliam,
818 3092 945 3164 tamen,
972 3091 1010 3148 ut
1038 3080 1216 3167 negotium
1240 3078 1284 3148 sit
1308 3078 1409 3146 nobis

180 3196 463 3279 commendatius,
481 3199 584 3265 Pater
599 3210 716 3265 noster
732 3197 882 3285 iniungit
898 3198 1015 3265 denuo
1039 3209 1078 3263 ut
1102 3198 1305 3265 tantundem
1330 3196 1407 3262 An-

178 3310 277 3397 gliae,
296 3322 463 3397 quantum
479 3312 697 3394 Germaniae,
723 3313 917 3399 praestetis,
942 3313 1017 3382 siue
1036 3334 1189 3381 seorsum
1218 3312 1294 3379 siue
1320 3331 1407 3377 con·

180 3425 319 3492 iunctim
335 3429 401 3494 hoc
418 3426 594 3496 charitatis
610 3428 761 3496 officium
778 3441 953 3515 praestare
971 3428 1096 3496 uelitis.

187 3585 191 3598 ·
242 3543 438 3630 Inscriptio.
458 3544 626 3627 Louanio,
648 3547 686 3612 P.
707 3544 872 3613 Adriano.

181 3691 390 3704 ——-—.—

227 3781 241 3811 α
275 3768 404 3838 allegato
416 3785 473 3824 mr.
510 3770 561 3811 -d
578 3766 673 3824 adulti
686 3786 742 3827 mr.

221 3966 244 3998 ’³
279 3964 484 4021 Ferdiuandus
496 3965 521 4023 1.

220 4053 243 4087 '⁶
277 4054 478 4125 Hieronymus
491 4056 705 4129 Martinengua,
718 4056 765 4112 cui
779 4054 904 4129 epistola
918 4054 988 4125 3687
1003 4054 1184 4114 inscribitur.

220 4145 242 4178 ¹⁷
278 4145 384 4204 Hezio.
