3567 5409
519 424 796 496 Errsr.3904.-11
818 427 1006 482 Novarmms
1028 427 1096 496 1553
1327 427 1382 497 689

185 578 333 658 riscon0,
353 577 543 665 aggiutarsi
560 579 649 646 delle
664 580 737 645 loro
753 579 952 659 elemosine,
970 602 991 646 ο
1011 579 1108 647 sieno
1128 582 1172 651 de
1188 579 1319 661 denari,
1337 602 1359 646 o
1373 581 1418 646 de

185 695 220 758 la
236 695 344 760 robba
360 696 427 760 che
442 695 515 761 loro
531 697 647 760 hanno
663 695 891 763 conueniente
908 695 1008 782 perii
1026 695 1176 777 amalati,
1193 709 1227 764 et
1243 695 1345 763 etiarn
1357 715 1419 781 per
1475 727 1480 741 ·

185 809 209 874 li
228 810 326 896 sani.¹
341 813 384 876 Et
404 813 543 897 quando
565 810 667 877 etiam
692 810 725 878 d'
741 813 826 878 altra
848 823 944 898 parte
964 811 1139 897 potessino
1163 811 1356 898 aggiutarsi
1385 809 1419 878 d*

183 927 386 1008 elemosine,
403 926 562 994 massime
578 937 722 1006 secrete,
742 927 816 994 cioi
834 929 899 995 che
915 947 984 994 non
1001 927 1183 995 venessino
1199 925 1242 994 al'
1260 926 1420 995 oreechie

185 1041 229 1109 de
245 1043 448 1128 monsignor
464 1043 488 1108 il
504 1043 607 1129 prior,
626 1043 715 1111 seria
730 1043 834 1109 bono.

254 1160 309 1227 De
324 1157 384 1244 piri
400 1160 443 1226 V.
461 1161 502 1226 R.
522 1161 620 1244 potrd
636 1160 759 1245 parlar'
777 1180 796 1224 a
819 1160 961 1227 Andrea
981 1158 1160 1226 siciliano⁸
1177 1171 1214 1226 et
1234 1159 1311 1225 dirli
1331 1159 1420 1226 saria

186 1274 276 1342 bene
287 1276 354 1343 che
365 1274 395 1340 si
407 1267 600 1362 aggiutassi
613 1276 702 1343 della
714 1277 820 1342 robba
833 1297 910 1358 sua,
924 1274 1045 1362 poiche
1060 1276 1152 1344 tiene
1165 1276 1267 1357 assai,
1286 1286 1321 1343 et
1337 1274 1421 1342 scri·

187 1390 279 1456 nessi
296 1413 316 1457 a
333 1389 562 1459 Sicilia‘accio
577 1391 601 1456 li
617 1390 837 1458 mandassino
854 1393 979 1458 alcuna
995 1390 1204 1477 prouisione,
1222 1393 1247 1457 il
1263 1393 1329 1458 che
1345 1392 1421 1458 seri

187 1505 287 1572 facile
304 1527 365 1592 per
381 1503 436 1572 via
451 1508 495 1575 de
512 1510 630 1574 Roma.
651 1509 704 1574 De
720 1507 873 1575 Guerico
894 1529 965 1574 non
981 1508 1059 1574 dico
1081 1507 1105 1572 il
1122 1508 1321 1587 medesimo,
1346 1529 1423 1593 per·

185 1623 254 1687 che
270 1643 340 1688 non
357 1644 396 1689 so
412 1623 442 1688 si
457 1625 501 1688 ha
518 1623 549 1691 la
568 1623 708 1704 lacultd3
727 1624 866 1707 quando
882 1624 908 1688 l'
926 1623 1051 1705 auessi,
1070 1623 1154 1689 laria
1170 1624 1259 1690 bene
1275 1624 1318 1688 de
1333 1623 1422 1689 scri·

187 1758 270 1805 uere
287 1747 346 1822 per
362 1742 467 1807 esser'
487 1738 669 1823 aggiuteto
686 1738 721 1804 di
738 1738 865 1824 quella,
889 1739 1051 1807 massime
1069 1740 1232 1805 douendo
1249 1741 1368 1806 andar’
1387 1739 1422 1804 in

186 1853 302 1936 quelle
318 1854 441 1932 bande,
460 1854 489 1920 si
505 1853 574 1921 Dio
592 1855 705 1934 verra,
724 1865 846 1939 questa
862 1853 1066 1941 primavera.
1085 1857 1143 1921 Ma
1159 1875 1229 1919 non
1246 1853 1264 1920 ὲ
1282 1856 1325 1934 de
1342 1875 1422 1940 per·

186 1969 384 2049 suaderlilo,
403 1991 452 2049 se,
472 1971 640 2037 toccando
657 1969 679 2035 il
695 1981 818 2057 punto,
836 1971 881 2037 da
897 1993 936 2039 se
951 1981 1063 2038 stesso
1080 1993 1148 2035 non
1165 1970 1265 2038 viene
1289 1992 1309 2036 a
1324 1971 1418 2056 judi·

186 2103 245 2150 car
261 2083 289 2150 si
308 2084 325 2150 ὲ
343 2086 443 2152 bene.
463 2085 505 2151 Et
522 2095 646 2170 questo
662 2085 752 2152 besti
767 2097 897 2172 quanto
910 2087 976 2152 alla
991 2108 1102 2172 spesa,
1120 2107 1185 2152 con
1202 2086 1416 2172 aggiongere

179 2203 251 2269 che
276 2221 338 2286 per
353 2201 499 2288 jupponi
520 2214 555 2268 et
571 2201 594 2266 l'
613 2201 698 2270 altre
714 2222 794 2268 cose
818 2199 1010 2269 necessarie
1034 2212 1154 2268 contra
1177 2201 1201 2266 il
1225 2202 1355 2281 freddo,
1382 2225 1420 2268 se
1510 2185 1515 2194 ’

185 2337 258 2382 non
275 2325 420 2382 trouano
436 2328 552 2402 presto
567 2316 775 2383 commoditai
792 2339 853 2403 per
868 2317 925 2383 via
939 2318 983 2384 de
999 2316 1213 2402 monsignor,
1229 2315 1319 2382 saria
1332 2318 1422 2383 bene

185 2430 344 2518 pigliarlo
365 2431 400 2498 in
421 2434 607 2516 credenza,
635 2443 674 2502 et.
691 2454 760 2500 non
782 2433 811 2498 si
832 2433 951 2499 lassar'
974 2431 1062 2518 patir
1083 2433 1172 2498 nelle
1194 2452 1277 2499 cose
1299 2451 1422 2499 neces·

177 2547 289 2614 sarie.
570 2633 573 2639 Ι

254 2663 356 2730 Circa
373 2663 488 2730 Pietro
505 2664 724 2750 neapolitano
740 2663 798 2752 gia
815 2663 844 2730 si
861 2662 986 2732 scrisse
1007 2665 1071 2730 che
1088 2662 1123 2728 in
1140 2662 1275 2749 priuato
1296 2675 1331 2729 et
1351 2683 1420 2730 non

178 2779 221 2845 in
243 2778 382 2865 publico
397 2781 535 2846 doueua
557 2779 638 2846 farsi
658 2780 691 2846 la
712 2779 903 2865 disciplina;
926 2789 962 2847 et
977 2779 1021 2846 de
1043 2781 1077 2846 la
1096 2801 1204 2865 paura
1227 2781 1294 2846 che
1308 2780 1421 2848 hade

179 2895 356 2975 amalarsi,
375 2895 409 2962 lo
426 2897 495 2981 pud
511 2894 682 2963 assicurar
695 2897 739 2964 V.
760 2897 800 2962 R.

258 3009 359 3076 Circa
386 3033 406 3077 a
428 3011 597 3100 Joanni⁴,
627 3011 812 3078 essendoui
840 3021 995 3097 sospetto
1023 3011 1090 3077 che
1118 3009 1225 3076 faccia
1258 3011 1420 3077 dannoa

185 3127 324 3210 qualch'
346 3129 405 3194 un’
429 3128 527 3206 altro,
553 3138 588 3194 et
608 3147 679 3192 non
696 3125 724 3193 si
745 3126 916 3213 sperando
931 3127 964 3192 la
981 3125 1234 3205 emendatione,
1254 3127 1297 3192 V.
1322 3127 1364 3192 R.
1387 3127 1421 3191 lo

186 3241 300 3307 mandi
322 3240 357 3306 in
378 3241 649 3328 peregrinaggio
672 3241 738 3309 alla
763 3241 934 3308 madonna
956 3243 999 3309 de
1021 3243 1148 3308 Loreto
1173 3263 1234 3326 per
1257 3241 1421 3326 impetrat

185 3357 297 3444 gratia
312 3357 356 3423 de
372 3359 438 3423 ben
457 3357 643 3440 risoluersi3
661 3369 697 3426 et
712 3357 747 3424 di
762 3357 795 3422 lt
809 3358 909 3443 potrd
922 3369 1125 3425 tornarsene
1141 3379 1162 3422 a
1187 3357 1319 3436 P'adoa,
1336 3357 1420 3425 sesi

186 3483 285 3539 troua
302 3472 323 3537 l'
341 3472 454 3540 animo
467 3474 619 3558 disposto
636 3495 697 3560 per
714 3475 776 3539 far’
794 3473 817 3538 il
835 3493 899 3540 suo
915 3473 1044 3552 debito,
1063 3495 1179 3540 overo
1194 3495 1233 3540 se
1248 3495 1294 3541 ne
1306 3494 1420 3559 venga

184 3609 205 3654 a
221 3589 329 3654 Roma
346 3609 412 3655 con
428 3586 450 3653 1’
464 3589 580 3654 animo
592 3589 791 3671 medesimo,
809 3589 901 3656 etde
918 3589 976 3674 pin
993 3609 1058 3655 con
1073 3588 1162 3654 risco
1175 3589 1218 3654 de
1230 3609 1298 3654 non
1312 3578 1434 3656 esser*

184 3714 335 3771 acettato
351 3705 423 3789 qui,
441 3726 478 3771 se
494 3725 564 3770 non
580 3703 710 3790 paressi
726 3727 746 3771 a
763 3703 922 3790 maggior
938 3703 1049 3786 gloria
1064 3705 1108 3773 de
1123 3703 1203 3770 Dio.

252 3819 354 3887 Circa
370 3820 402 3886 la
420 3822 529 3886 classe
546 3823 603 3886 vn'
622 3821 710 3886 altro
725 3821 822 3905 potiit
839 3819 1005 3906 supplire,
1024 3829 1144 3904 etqua
1166 3840 1293 3904 pareua
1314 3819 1419 3885 sarria

184 3957 205 4002 a
221 3935 400 4022 proposito
417 3935 535 4003 Pietro
551 3936 596 4003 de
612 3934 724 4017 Atri03
739 3947 775 4001 et
790 3934 873 4001 forsi
889 3936 933 4004 de
949 3935 1018 4000 due
1033 3933 1134 4001 classi
1152 3935 1247 4000 farne
1263 3956 1332 4000 vna
1347 3955 1417 4000 non

183 4052 329 4118 sarebbe
342 4051 441 4117 male.
455 4053 537 4117 Pur'
552 4050 587 4117 in
600 4062 722 4135 queste
732 4069 825 4130 cose,
838 4071 875 4116 se
886 4049 910 4115 il
922 4051 1033 4118 Padre
1043 4048 1242 4117 comissario
1254 4071 1298 4115 va
1307 4052 1419 4135 (como

182 4166 367 4254 crediamn)
384 4191 404 4235 a
420 4166 579 4250 Venetia,
598 4166 627 4234 si
643 4167 741 4252 potrd
758 4166 910 4234 conferit
921 4187 989 4233 con
1006 4166 1054 4232 lui
1071 4175 1208 4251 questo,
1226 4175 1262 4230 et
1278 4163 1381 4234 etiam
1394 4164 1417 4229 il

183 4283 287 4349 modo
303 4284 338 4348 di
359 4284 539 4370 proueder'
564 4305 623 4370 per
639 4283 661 4348 l'
680 4282 844 4351 aduenire
865 4283 910 4348 de
930 4281 1139 4368 monsignor.
1163 4280 1229 4348 Lui
1251 4279 1416 4347 mostrarai

176 4397 287 4466 etiam
303 4399 336 4465 le
351 4397 564 4465 conclusioni
580 4411 614 4466 et
631 4400 664 4466 la
680 4399 758 4465 lista
774 4400 817 4466 de
834 4399 865 4466 le
882 4397 1020 4466 lectioni
1032 4398 1076 4464 de
1090 4399 1211 4478 Roma3
1226 4382 1317 4463 doue
1332 4394 1417 4461 stia-

237 4570 248 4600 ³
287 4567 420 4623 Andreas
433 4568 471 4623 de
481 4567 582 4624 Salvo.

237 4661 248 4691 ⁴
285 4655 545 4728 JoannesOttilio?

318 4755 422 4800 llosorr.
439 4755 660 4811 lesen-Emer„
676 4767 735 4800 ron.
754 4755 789 4799 V.
