3567 5409
776 515 982 573 Mouuuauss
1001 515 1178 578 louutsuns

923 723 1028 805 373³

524 873 664 941 PATRI
687 872 955 944 FRANCISCO
981 874 1161 943 PALMIO
1186 874 1248 940 EX
1272 873 1425 941 COMM.

750 1018 840 1064 anua
852 1022 870 1077 9
882 1018 1078 1065 saasauaass
1095 1004 1164 1077 1553
1179 1008 1198 1066 ¹.

361 1130 531 1187 Consilium
544 1134 581 1189 do
593 1132 752 1188 evocandis
764 1132 886 1189 Mutina
899 1134 987 1189 sociis
998 1136 1152 1200 misimur,-
1169 1134 1220 1188 sed
1236 1137 1353 1203 oportet
1369 1132 1496 1187 omnino
1513 1136 1550 1186 ut
1562 1132 1600 1187 in

411 1221 598 1277 salubriores
620 1222 707 1277 aedes
724 1221 1021 1295 commigrent-Do
1040 1222 1133 1278 Petro
1150 1222 1440 1294 neapolitano—Da
1457 1221 1599 1277 Rhodius*

410 1310 671 1370 sacerdotio-De
685 1310 943 1369 Soluotosse-Ds
955 1311 1117 1368 Bsnadido
1130 1311 1255 1367 Polmio
1268 1317 1297 1367 st
1311 1312 1402 1367 Petro
1415 1309 1599 1367 Ribodssssi·

412 1388 467 1467 ro,¹
474 1401 629 1455 conciones
644 1400 677 1454 in
692 1398 768 1472 foro
783 1400 903 1469 publico
920 1400 1102 1457 habentibus.
1112 1430 1132 1441 ·
1143 1400 1213 1456 Post
1230 1402 1394 1475 scriptum:
1402 1400 1597 1473 poenituistis

412 1487 505 1545 Patro
518 1488 714 1561 neopolitano
728 1488 878 1561 injuncto.

426 1606 499 1672 Pax
516 1604 659 1673 Christi.

426 1719 662 1789 Riceuessimo
688 1722 801 1805 quella
826 1722 882 1787 del
910 1721 1019 1807 primo
1046 1722 1102 1790 del
1128 1734 1305 1809 presente,
1339 1723 1431 1791 dous
1460 1722 1598 1791 inesse

359 1838 404 1905 N.
425 1838 465 1905 P.
484 1836 508 1903 l'
521 1838 646 1903 andata
663 1848 697 1905 et
714 1847 849 1905 tomata
863 1836 899 1904 di
914 1839 959 1906 V.
977 1839 1018 1906 R.
1037 1837 1073 1904 di
1089 1838 1249 1918 Modena,
1263 1849 1299 1905 et
1315 1860 1397 1925 pare
1413 1840 1594 1906 feruente-

358 1952 545 2023 montesis
566 1964 697 2021 mutato
717 1953 740 2021 il
761 1952 951 2042 conseglio,
974 1955 1187 2022 mutandossi
1201 1956 1236 2022 la
1255 1976 1372 2023 eausa.
1403 1956 1449 2022 Al
1478 1956 1595 2023 Padre

360 2068 594 2137 commissario
610 2069 623 2104 ¹
639 2070 668 2137 si
684 2068 797 2137 scrius
812 2071 878 2137 che
894 2069 928 2137 in
944 2068 1028 2157 ogni
1045 2072 1148 2138 modo
1163 2070 1192 2139 si
1208 2070 1293 2158 pigli
1306 2072 1392 2139 altra
1404 2092 1499 2153 casa,
1516 2084 1554 2138 et
1569 2069 1595 2138 il

360 2195 453 2253 resto
469 2186 618 2273 proceda
634 2184 771 2253 corneli
787 2186 918 2273 patera.

427 2301 529 2371 Circa
551 2300 667 2371 Pietro
689 2301 898 2388 napolitano,
922 2302 1138 2369 anchoraeho
1162 2304 1207 2370 V.
1231 2303 1273 2370 R.
1297 2324 1367 2370 uon
1388 2302 1502 2369 scriua
1525 2304 1594 2370 che

361 2416 446 2484 fossi
461 2418 690 2505 consapeuole
710 2417 753 2485 de
773 2438 836 2485 sua
857 2415 1047 2487 intentione
1073 2417 1095 2483 il
1116 2418 1284 2505 discipulo
1303 2430 1339 2485 et
1362 2417 1597 2486 imbasciador

359 2554 437 2614 suo,
459 2553 524 2620 pur
539 2531 568 2599 si
592 2536 660 2620 pub
682 2554 826 2621 pensare
845 2531 902 2600 ch'
930 2533 1065 2601 almeno
1088 2533 1300 2601 indouinassi
1322 2534 1468 2620 qualche
1493 2555 1590 2615 cosa,

360 2648 451 2715 douo
467 2651 512 2717 V.
531 2649 573 2716 R.
592 2649 714 2736 puotri
731 2650 782 2715 far
797 2650 865 2719 che
879 2650 930 2716 lui
944 2648 1086 2717 intendo
1101 2651 1167 2719 che
1184 2649 1301 2717 Pietro
1316 2652 1337 2717 ὁ
1351 2649 1543 2732 licentiato,
1557 2662 1593 2720 et

359 2762 434 2832 eost
457 2784 524 2831 con
546 2766 664 2832 effetto
684 2764 867 2851 bisognert
890 2764 1087 2835 licenciarlo
1109 2765 1153 2833 de
1176 2766 1344 2853 Bollogna
1365 2776 1402 2833 et
1425 2765 1590 2849 Modena,

358 2889 585 2965 quantunque
609 2880 638 2946 si
653 2883 779 2968 *potra
801 2880 986 2949 desimular
1005 2884 1071 2948 oon
1092 2881 1152 2962 lui,
1177 2891 1213 2949 et
1237 2881 1418 2949 mandarlo
1442 2862 1549 2965 insin⁵
1571 2904 1593 2949 a

360 2995 491 3078 Padoa,
508 3007 543 3065 et
559 2995 584 3063 li
600 2996 778 3066 intendera
794 3016 895 3065 come
909 2996 939 3063 si
953 3018 1039 3064 sano
1061 3016 1125 3066 sue
1143 3018 1236 3077 cose,
1258 3008 1293 3066 et
1312 2995 1499 3085 bisogners
1515 3019 1591 3065 mo-

359 3111 456 3179 uerlo
476 3133 497 3179 a
517 3109 767 3197 ricognoscersi
787 3122 822 3180 et
851 3112 902 3178 iar
928 3113 1044 3180 buona
1070 3110 1258 3199 penitentia
1285 3123 1320 3181 et
1339 3113 1457 3199 longa,
1486 3113 1595 3199 quale

357 3227 522 3295 mandato
541 3226 599 3313 qui
621 3226 657 3293 in
672 3225 687 3267 ¹³
701 3226 833 3310 scritto,
851 3226 947 3295 accio
968 3228 1012 3294 V.
1035 3228 1077 3295 R.
1101 3248 1201 3315 possa
1221 3226 1364 3297 insieme
1378 3249 1443 3295 oon
1467 3240 1593 3314 questa

358 3344 480 3409 lettera
495 3343 670 3410 mandatla
686 3344 720 3410 al
736 3343 848 3411 Padre
863 3342 1110 3424 commissario,
1128 3354 1164 3412 et
1178 3343 1228 3411 lui
1244 3344 1277 3410 la
1292 3344 1455 3413 mandeti
1475 3366 1497 3410 a
1522 3346 1592 3412 Pa·

355 3459 424 3527 doa
439 3460 472 3526 al
488 3470 596 3529 rettor
612 3461 637 3540 ³,
656 3459 824 3527 auisando
840 3459 896 3526 del
912 3459 1059 3545 negocio
1074 3458 1110 3526 di
1127 3458 1255 3540 Pietro,
1273 3458 1352 3527 silo
1373 3460 1476 3528 uorra
1492 3482 1592 3527 man·

358 3574 418 3641 dar
436 3576 482 3657 la,
500 3575 524 3643 il
541 3579 606 3643 che
622 3597 691 3642 non
707 3577 836 3643 douert
850 3594 945 3643 esser
960 3586 1105 3661 supputo
1126 3574 1163 3642 in
1184 3574 1365 3662 Bossogoa,
1380 3576 1542 3643 massime
1556 3574 1593 3642 di

358 3692 438 3776 quel
455 3692 583 3759 nuncio
600 3692 611 3725 ⁴
628 3700 695 3759 etc.
1423 3769 1426 3775 ¹

426 3809 492 3875 Del
508 3806 675 3875 beneficio
691 3807 734 3875 de
750 3807 819 3874 don
838 3792 1029 3875 Pantaloon
1045 3808 1057 3843 ¹
1073 3808 1120 3873 ho
1134 3806 1266 3894 parlato
1280 3808 1358 3875 aN.
1373 3808 1429 3888 Ρ.;
1443 3820 1478 3872 et
1491 3827 1594 3877 come

412 4028 425 4057 ι
461 4029 496 4067 ce
510 4030 570 4069 ms.
610 4014 663 4056 -·b
681 4029 721 4067 un
734 4029 794 4069 ms.

361 4136 559 4147 ...υ-*ι

416 4208 422 4235 ·
463 4202 506 4256 Ex
518 4200 621 4257 codice
634 4201 753 4274 ngsst.
768 4198 795 4269 1,
808 4196 858 4255 iol.
870 4195 916 4259 23.
931 4198 1036 4254 Exstat
1047 4198 1246 4271 paragraphus
1255 4197 1293 4253 de
1303 4196 1392 4253 Petro
1402 4197 1593 4271 neapolitano

360 4291 391 4347 in
406 4292 479 4349 Cod.
494 4290 613 4349 Monac.
626 4290 670 4354 Π,
684 4288 736 4349 iol.
749 4285 777 4349 3.

413 4386 425 4416 ³
458 4382 588 4453 Joannes
600 4376 777 4437 Bta.Viola.

412 4468 424 4501 ⁸
461 4470 592 4543 Joannes
605 4470 670 4525 Bta.
683 4468 834 4525 Tavonus.
1054 4545 1058 4553 .

413 4562 426 4595 ⁴
462 4559 582 4615 Petrum
605 4556 824 4629 neapolitanum
841 4554 957 4611 Patavii
979 4553 1150 4611 constitisse
1171 4563 1287 4611 soustst
1309 4570 1347 4609 ex
1368 4554 1477 4610 litteris
1497 4554 1592 4627 ipsius

357 4648 474 4706 Tavoni
487 4646 611 4703 rectoris
623 4646 660 4701 ad
673 4644 821 4717 ignatium
835 4657 869 4716 25
882 4644 953 4716 Maji
967 4656 1037 4714 1554
1048 4642 1136 4701 datis.
1151 4642 1248 4716 Epist.
1262 4642 1388 4710 Misetos,
1403 4642 1456 4709 1v,
1468 4656 1534 4714 205.

413 4740 425 4775 ⁸
461 4738 495 4797 P.
505 4736 646 4794 Pantaleo
655 4734 819 4802 Rhodinua,
828 4734 880 4808 qui
890 4734 1045 4789 Messanae
1055 4735 1237 4800 versabatur,
1249 4730 1428 4788 novitiorum
1438 4732 1590 4805 magister.
