3567 5409
386 420 441 477 450
768 403 976 461 nonnarum
995 406 1174 461 lontrrarra

352 578 413 647 per
437 568 677 625 mancamento
692 557 782 627 della
801 555 922 644 lingua
937 557 1087 641 italiana3
1112 568 1148 625 et
1171 556 1244 627 cosi
1268 571 1437 646 puotrano
1460 558 1593 627 uenire

349 683 624 777 sanzauaspettar
643 674 731 741 altro
749 673 859 742 auiso.

419 790 465 857 Di
481 789 586 875 'quelli
602 789 647 859 de
663 788 811 871 Vienna,
828 810 866 858 se
884 788 1003 858 ueniri
1024 792 1127 857 Mtro.
1150 788 1302 858 Gioanni
1321 790 1530 877 Conspeano
1551 801 1593 859 et

352 906 499 993 qualche
514 905 654 973 italiano
670 927 692 971 o
708 926 791 974 uero
807 908 872 972 che
887 905 1014 972 habbia
1028 906 1062 973 la
1078 906 1197 992 lingua
1217 904 1367 985 italiana,
1389 908 1424 975 lo
1443 918 1592 993 puotra·

353 1043 399 1089 no
414 1020 516 1088 etiam
534 1023 659 1089 fermar
672 1021 760 1088 costi
776 1042 798 1087 o
814 1020 849 1087 in
867 1020 984 1089 Padoa
1000 1019 1101 1088 insin'
1118 1043 1139 1088 a
1154 1033 1250 1090 tanto
1265 1024 1331 1090 che
1346 1022 1376 1089 si
1390 1023 1447 1089 dia
1460 1022 1593 1092 hauiso

350 1136 388 1203 di
403 1159 483 1224 qua,
502 1148 537 1205 et
554 1159 614 1224 per
631 1158 677 1203 un
695 1134 750 1203 uia
766 1148 801 1206 et
817 1158 877 1225 per
893 1137 980 1204 altra
991 1138 1036 1205 N.
1053 1140 1093 1204 P.
1107 1136 1137 1204 si
1152 1138 1303 1205 sforzera
1317 1138 1353 1204 di
1365 1139 1421 1205 far
1435 1138 1593 1224 qualche

353 1252 550 1341 prouisione
566 1275 627 1340 per
642 1252 809 1340 suplireli
830 1253 948 1320 luochi
968 1253 1050 1323 dell'
1071 1253 1160 1321 altri.
1183 1255 1234 1321 La
1253 1275 1384 1321 somma
1404 1254 1440 1321 di
1460 1264 1593 1341 questa

351 1368 504 1438 scriuerd
521 1370 565 1438 V.
588 1371 630 1437 R.
648 1368 752 1437 etiam
768 1392 789 1435 a
806 1369 923 1437 Padoa
939 1392 961 1436 o
976 1391 1061 1439 uero
1077 1370 1101 1435 li
1117 1372 1279 1437 mandera
1294 1370 1328 1437 la
1344 1383 1516 1457 presente.

421 1486 501 1553 Non
516 1483 669 1572 sapiamo
686 1487 753 1553 che
768 1506 849 1553 cosa
866 1484 975 1553 faccia
990 1486 1109 1568 Fabio,
1132 1485 1300 1568 siciliam,
1322 1485 1358 1553 in
1380 1484 1535 1553 Baeiano
1560 1486 1591 1567 ⁸,

353 1622 392 1669 se
407 1599 423 1640 ‘¹
439 1600 554 1667 studia
570 1622 591 1668 o
606 1602 746 1671 attende
762 1601 826 1669 alla
843 1601 967 1671 sanita.
986 1603 1033 1671 Se
1050 1602 1094 1670 V.
1114 1603 1155 1669 R.
1173 1602 1273 1683 losa,
1291 1601 1324 1668 ci
1339 1601 1456 1670 auissi.

420 1716 665 1784 Receuessimo
677 1718 720 1784 le
743 1714 983 1803 quadrimestri
1002 1728 1016 1758 ⁰
1039 1716 1144 1785 latine
1163 1728 1199 1785 et
1211 1715 1361 1798 italiane,
1378 1718 1480 1803 quale
1496 1740 1594 1786 sono

353 1832 443 1900 assai
461 1834 549 1903 bene
565 1854 626 1920 per
642 1832 670 1901 si
687 1836 797 1920 poter'
815 1834 968 1902 mandar.

420 1948 487 2016 Noi
503 1948 626 2017 stiamo
642 1948 718 2017 sani
733 1960 768 2017 et
784 1950 816 2016 al
831 1949 935 2017 solito
951 1950 1123 2039 occupati,
1137 1950 1216 2021 etei
1229 1951 1514 2019 raccomandamo
1526 1950 1591 2017 all'

351 2064 498 2132 orationi
514 2066 558 2133 de
575 2067 618 2134 V.
638 2066 679 2133 R.
698 2076 734 2133 et
749 2064 829 2133 delli
844 2066 1035 2134 charissimi
1052 2068 1176 2137 fratelli
1191 2067 1226 2135 in
1237 2069 1322 2157 Jesd
1338 2065 1417 2149 X.⁰,
1435 2065 1492 2133 cui
1508 2086 1594 2154 gra-

354 2180 400 2247 tia
417 2181 468 2247 sia
484 2202 618 2268 semper
633 2180 715 2248 nelli
732 2181 828 2249 cuori
844 2182 965 2251 nostri.

421 2298 475 2366 De
492 2300 600 2365 Roma
616 2318 638 2387 9
654 2298 697 2365 de
713 2298 909 2368 Settembre
929 2314 1025 2386 1553.

392 2490 394 2497 Ι
421 2414 618 2499 Inscriptio.
639 2413 798 2496 Venetia,
816 2436 836 2480 a
853 2418 960 2485 Mtro.
979 2416 1138 2487 Cessare.

918 2605 1024 2686 373⁰

653 2754 793 2837 PATRI
818 2754 1004 2823 ELPIDIO
1028 2755 1288 2825 UGOLETTO

748 2908 835 2953 nona
849 2913 867 2967 9
879 2908 1076 2957 sarranams
1091 2898 1161 2971 1553
1174 2900 1194 2957 ¹.

408 3044 539 3101 Romam
552 3060 621 3099 cum
634 3042 722 3100 sociis
734 3042 1075 3101 advocatum-Gaudet
1086 3046 1123 3101 de
1136 3046 1255 3102 nuntiis
1266 3046 1350 3103 circa
1362 3041 1537 3101 Britonem.

424 3192 496 3257 Pax
513 3187 571 3257 X.i

423 3307 499 3373 Non
519 3307 681 3374 hauendo
697 3308 740 3374 V.
760 3308 802 3374 R.
821 3306 943 3375 lettere
958 3306 1015 3374 'del
1033 3308 1069 3374 Ρ.
1089 3308 1192 3375 Mtro.
1212 3306 1350 3391 Laynez
1366 3325 1468 3391 sopra
1483 3304 1507 3370 l'
1528 3326 1595 3371 an-

354 3420 436 3488 data
460 3442 480 3487 a
504 3422 664 3499 Conona,
691 3438 778 3507 pare
795 3440 906 3507 segno
930 3421 997 3489 che
1017 3420 1114 3489 detto
1134 3419 1246 3487 Pa'dre
1266 3422 1367 3485 uorra
1387 3420 1495 3487 andar
1515 3419 1597 3486 solo

354 3530 458 3605 senz'a
486 3532 575 3603 altro
602 3534 793 3605 sacerdote.
823 3535 862 3605 Si
887 3534 1313 3623 che‘puotrdpartirsene'
1335 3535 1409 3603 ala
1433 3534 1529 3601 uolta
1548 3535 1600 3601 de

358 3654 465 3719 Roma
484 3653 527 3719 V.
549 3654 591 3721 R.
609 3654 661 3719 fra
678 3672 698 3736 3
715 3672 735 3719 o
751 3670 773 3735 4
788 3650 902 3739 giorni
917 3652 1030 3738 doppo
1045 3651 1078 3717 la
1094 3649 1251 3719 riceuuta
1265 3648 1301 3717 di
1316 3659 1451 3737 questa,
1466 3660 1599 3718 onero

356 3778 487 3851 quanto
509 3766 617 3854 prima
639 3768 938 3835 commodament'e
961 3764 1165 3854 si·puotrd,
1183 3765 1355 3834 menando
1376 3786 1458 3835 seco
1476 3768 1594 3838 Mtte.

359 3908 574 3919 ——-

410 3976 425 4018 d
462 3990 497 4028 ce
512 3990 572 4029 ms.
614 3970 961 4045 -5quadrimestrents

410 4142 424 4170 ι
461 4124 558 4182 cims.

400 4308 422 4351 '⁴
461 4289 754 4370 Fortaise'rtstla'non
767 4312 823 4367 hoc
836 4328 944 4367 nornen
963 4309 1122 4382 legendum
1140 4308 1191 4380 sit,
1208 4307 1312 4379 idest,
1332 4306 1500 4380 Astlannm,
1519 4310 1597 4367 villa

358 4422 449 4478 prope
470 4404 634 4472 Patavium,
651 4418 710 4475 quo
727 4400 906 4457 valetudinis
918 4398 1135 4481 recuperandae
1146 4415 1281 4484 canense
1293 4398 1427 4477 conferre
1439 4406 1595 4456 nostrates

357 4498 507 4551 solebant.

415 4656 421 4687 ¹
461 4650 505 4705 Ex
519 4648 621 4703 codice
639 4648 755 4718 Regesl.
772 4646 795 4709 J,
813 4644 863 4699 lol.
878 4656 934 4699 ην
947 4654 979 4699 et
991 4641 1055 4699 23r.
1164 4685 1168 4691 .
