3567 5409
578 445 683 502 arm.
701 442 859 515 :toea-29
875 445 959 518 Jmn
980 443 1049 515 1553
1338 443 1391 502 263

217 599 325 668 danari
338 601 360 666 ⁸.
375 596 510 668 adesso
524 620 585 686 per
596 597 789 666 inanimarli
802 599 983 667 uoleuamo
995 597 1138 666 mandar
1151 619 1199 666 un
1212 609 1426 687 transumpto

213 716 298 784 della
311 713 409 801 prima
423 715 516 782 bolla
530 715 597 784 che
612 715 659 782 V.
676 714 714 784 S.
733 716 832 782 Rma.
850 716 926 782 fece
941 713 1089 802 sperlire,
1107 725 1142 782 et
1154 712 1337 782 habbiamo
1354 724 1425 781 tro·

211 831 363 898 uatoche
376 831 425 917 gli
440 850 611 899 mancano
628 840 723 898 certe
742 828 847 896 mani.
871 830 918 900 Se
938 831 1058 915 pareri
1078 851 1099 896 a
1121 829 1165 897 V.
1192 829 1230 898 S.
1255 830 1352 898 Rma.
1379 829 1423 900 de

208 945 350 1015 scriuere
367 967 386 1012 a
406 945 607 1031 qualcuno⁰
628 944 709 1014 delli
728 943 804 1012 suoi
825 945 891 1012 che
911 943 1058 1012 finischa
1078 954 1200 1030 questa
1214 943 1420 1032 speditione,

205 1063 285 1129 sara
296 1081 369 1130 cosa
384 1060 483 1130 facile
498 1061 580 1128 etei
595 1059 609 1101 ¹
620 1059 807 1130 seruiremo
821 1061 857 1127 di
872 1039 995 1147 questa
1009 1059 1045 1126 in
1062 1071 1157 1127 tanto
1170 1063 1234 1127 che
1247 1059 1276 1126 si
1288 1058 1422 1146 spedis-

203 1197 248 1244 oe
261 1175 284 1242 l'
296 1177 373 1244 altra
387 1177 447 1264 piri
463 1177 617 1264 copiosa:
635 1199 706 1244 non
722 1196 939 1245 manearemo
954 1187 969 1227 ⁸
984 1197 1048 1264 pur
1068 1175 1127 1243 noi
1147 1198 1168 1243 a
1183 1177 1256 1245 fare
1276 1177 1422 1261 qualche

202 1291 384 1380 diligentia.

272 1410 316 1476 La
332 1421 421 1476 terza
441 1425 548 1496 opera
566 1411 601 1476 d’
623 1408 835 1495 inportanza,
857 1406 949 1494 qunl'
966 1409 1103 1476 haueua
1123 1407 1254 1495 grande
1275 1407 1422 1495 bisogno

200 1523 284 1592 dell'
296 1523 459 1610 presentia
472 1525 509 1592 di
524 1527 570 1592 V.
584 1525 622 1594 S.
640 1525 787 1607 Rma.,e
803 1524 827 1589 il
842 1522 995 1610 collegio
1005 1523 1214 1610 germanice,
1234 1524 1256 1588 'l
1274 1525 1376 1610 quale
1392 1525 1422 1592 si

200 1639 361 1708 comincio
375 1641 523 1709 tacendo
538 1639 637 1709 uenir
648 1653 754 1727 gente
766 1660 842 1707 com
855 1641 965 1726 parer’
979 1637 1014 1706 di
1026 1640 1104 1707 VV.
1120 1637 1209 1709 Srie.
1228 1641 1324 1708 Rme.
1339 1650 1375 1706 et
1390 1639 1420 1708 si

199 1773 247 1820 ua
260 1755 443 1824 tratinendo
454 1777 553 1825 come
564 1756 692 1844 meglio
705 1756 734 1824 si
747 1759 828 1843 puo.
843 1758 902 1824 Ma
913 1765 1035 1841 questo
1046 1753 1187 1822 intenda
1199 1756 1241 1822 V.
1255 1755 1290 1823 S.
1304 1757 1434 1840 Rma.,.

197 1871 271 1938 che
283 1871 364 1938 doue
385 1870 444 1939 noi
464 1871 651 1940 habbiamo
671 1874 792 1940 offerto
811 1873 855 1940 de
878 1872 987 1940 hauer
1011 1890 1094 1937 cura
1120 1871 1176 1938 del
1202 1869 1357 1957 spiritual
1384 1870 1420 1939 in

194 1985 315 2054 lettere
329 1999 363 2054 et
378 1987 538 2068 costumi,
555 1998 592 2055 et
606 2009 676 2054 non
691 1988 748 2056 del
768 1987 946 2073 temporal,
968 1985 988 2053 ὲ
1009 1984 1203 2054 necessario
1223 1989 1288 2054 che
1310 1983 1334 2051 l'
1352 2009 1420 2056 una

191 2101 428 2170 sollecitudine
448 2113 485 2170 et
504 2104 527 2169 l’
550 2105 638 2170 altra
660 2103 718 2170 noi
738 2102 933 2183 habbiam0,
955 2113 991 2170 et
1010 2123 1076 2188 pur
1102 2102 1247 2171 sarebbe
1274 2101 1374 2170 facile
1389 2101 1417 2185 ¹¹,

191 2218 388 2286 trouandosi
404 2219 464 2304 qui
479 2219 523 2286 V.
542 2220 579 2288 S.
598 2221 714 2301 Rma.‚
736 2230 772 2288 et
791 2217 968 2305 pigliando
987 2228 1110 2302 questo
1130 2209 1304 2304 assompto
1319 2238 1418 2288 come

187 2332 341 2417 proprio,
359 2357 429 2415 non
445 2337 634 2402 solamente
655 2355 874 2414 conseruare,
892 2355 949 2400 ma
969 2330 1071 2401 etiam
1093 2333 1198 2399 molto
1219 2344 1418 2402 aumentare

189 2457 315 2527 questa
328 2469 444 2536 opera,
462 2459 559 2516 tanto
574 2451 689 2536 degna
704 2462 739 2516 et
754 2449 961 2535 importante
975 2469 1033 2534 per
1045 2445 1068 2514 'l
1080 2447 1247 2516 beneficio
1259 2447 1294 2514 di
1307 2449 1419 2533 quelle

193 2561 325 2629 nationi
338 2565 586 2633 settentrionali
600 2563 610 2605 ¹
624 2576 660 2634 et
674 2566 719 2631 de
734 2574 824 2632 tutta
835 2565 868 2630 la
884 2562 1012 2631 chiesa.
1031 2565 1165 2649 Questo
1180 2564 1278 2630 basta
1293 2565 1420 2632 hauet·

197 2670 235 2738 la
251 2690 434 2760 presentato
451 2703 471 2746 a
487 2683 531 2748 V.
550 2682 587 2751 S.
606 2683 720 2762 Rma.;
734 2690 770 2746 et
781 2679 896 2764 quello
908 2680 972 2746 che
984 2678 1056 2747 fari
1070 2679 1161 2746 circa
1174 2678 1198 2744 'l
1211 2678 1344 2766 uenire,
1358 2679 1418 2764 piri

206 2803 311 2870 presto
324 2816 342 2861 o
357 2796 415 2882 pin
432 2795 533 2876 tardi,
550 2807 768 2882 reputaremo
783 2786 833 2861 sia
849 2794 907 2881 pin
932 2795 1108 2862 conforme
1125 2797 1145 2861 a
1161 2795 1193 2860 la
1216 2793 1357 2862 uolunta
1374 2793 1417 2863 de

212 2899 296 2974 lddio
308 2911 346 2978 N.
363 2913 401 2980 S.
1228 2991 1234 3002 ,

274 3023 328 3090 Cui
340 3028 454 3096 diuina
469 3040 504 3096 et
520 3049 651 3096 somma
666 3029 803 3094 bontaa
816 3025 896 3092 tutti
909 3026 1061 3095 conceda
1074 3024 1184 3112 gratia
1198 3025 1233 3091 di
1250 3045 1418 3094 conoscer

222 3154 328 3226 tempre
337 3166 394 3213 sua
406 3143 600 3212 santissimo
611 3145 765 3223 volunta,
775 3153 810 3212 et
822 3143 935 3228 quella
947 3143 1211 3229 perfettamente
1226 3139 1413 3226 adempire.

269 3255 308 3322 Di
322 3259 420 3325 Roma
438 3279 482 3347 29
496 3260 541 3328 de
556 3258 683 3345 Luglio
704 3274 801 3343 1553.
1384 3253 1391 3264 '

260 3371 448 3460 Inscriptio.
468 3377 535 3442 Per
550 3375 573 3440 il
589 3373 740 3441 cardinal
756 3376 890 3441 Moron.

213 3495 387 3524 Χ-ῃ,

199 3633 204 3644 ,
238 3580 247 3608 ²
280 3575 493 3643 qal’cunoms.
531 3579 577 3621 -f
593 3578 687 3634 sime.
726 3593 1069 3637 -zmancareremomc
1109 3579 1159 3620 -h
1172 3575 1269 3632 facille
1284 3593 1339 3633 ms.
1380 3605 1412 3620 -

196 3645 428 3724 ''tttrentioneli
441 3685 499 3728 ins.

195 3752 393 3803 Χ-κ.

211 3833 220 3866 ⁸
255 3845 359 3909 vide
374 3861 529 3933 epistolam
543 3859 613 3932 3558
626 3861 663 3917 ad
676 3861 859 3917 Ludovicum
877 3859 1099 3915 sandovalium.
