3567 5409
438 429 491 501 ⁴9⁶
817 428 1022 486 Mouurrnnrn
1042 431 1219 485 tonorum

404 581 448 649 ne
465 593 555 651 terna
571 584 638 649 che
657 586 701 651 N.
721 585 762 651 P.
782 595 962 670 permetta,
981 583 1016 650 in
1033 595 1163 670 quanto
1179 583 1228 650 lui
1248 586 1359 669 potra,
1384 585 1450 651 che
1466 584 1532 651 tale
1546 604 1629 649 cura

358 786 361 795 .
404 696 428 763 li
444 698 494 765 sia
510 700 589 765 da'ta
605 721 625 765 a
641 720 793 768 nessuno
808 700 899 768 della
916 700 1144 789 compagnia,
1162 699 1290 787 perche
1305 698 1377 767 cosi
1394 720 1433 767 se
1448 720 1553 786 pensa
1567 720 1629 787 per

398 816 526 883 adesso
542 815 619 882 sard
636 814 694 901 pid
711 814 841 883 seruito
856 814 901 882 da
917 814 976 883 noi
992 816 1088 883 Iddio
1105 817 1149 884 N.
1168 816 1206 884 S.

470 931 537 999 Dei
551 928 707 998 habitare
723 931 755 997 la
771 932 813 997 R.
832 932 885 1027 V.
896 932 952 999 nei
968 931 1116 1019 collegio
1133 931 1213 1000 delii
1230 930 1383 1017 theologi
1399 952 1421 997 o
1434 930 1546 997 alcuni
1555 930 1628 1029 de17

403 1044 428 1112 li
444 1047 565 1127 nostri,
584 1068 687 1114 senza
704 1048 813 1115 hauer
834 1068 956 1114 curao
976 1045 1295 1134 superintendentiae
1311 1048 1449 1127 arcuna,
1466 1068 1535 1113 non
1548 1066 1630 1133 pare

405 1182 425 1227 a
442 1162 487 1229 N.
507 1164 548 1230 P.
567 1150 805 1231 conueniente.
822 1164 864 1231 L'
881 1162 972 1229 altro
985 1164 1087 1229 modo
1108 1165 1153 1230 de
1169 1174 1266 1230 tener
1280 1184 1361 1229 casa
1375 1183 1436 1248 per
1452 1162 1579 1229 nutrire
1593 1173 1628 1229 et

404 1274 575 1343 instituite
601 1278 633 1343 la
656 1277 850 1363 giuouentri
870 1300 954 1365 pare
975 1278 1080 1345 molto
1108 1277 1166 1364 pid
1199 1278 1382 1357 fruttuosa,
1411 1276 1446 1342 al
1474 1276 1572 1341 modo
1592 1276 1628 1341 di

403 1403 527 1477 questo
543 1392 691 1478 collegio
707 1394 919 1479 germani003
942 1416 998 1461 nra
1018 1395 1063 1462 V.
1087 1395 1130 1461 R.
1153 1397 1196 1460 ha
1217 1414 1330 1480 puoco
1350 1390 1520 1479 explicato
1539 1390 1562 1457 il
1574 1392 1627 1458 di·

315 1594 318 1601 .
404 1526 514 1594 segno
525 1529 602 1589 suo,
616 1506 643 1574 s'
657 1508 799 1594 uogiino
817 1509 948 1576 nutrilli
963 1533 983 1577 a
1000 1531 1120 1597 espese
1136 1510 1220 1590 loro,
1238 1508 1381 1577 comesi
1398 1508 1433 1574 fa
1447 1507 1480 1575 ai
1496 1505 1627 1593 collegii

397 1621 448 1689 de
464 1622 581 1709 Parigi
597 1635 633 1690 et
649 1622 815 1704 Louani0,
835 1647 855 1692 ο
873 1646 956 1693 uero
968 1625 1165 1694 altrimenti.
1180 1626 1224 1691 Et
1236 1646 1275 1691 se
1285 1627 1463 1691 hauerano
1478 1648 1500 1691 a
1514 1622 1626 1711 pigtia-

405 1752 443 1807 τε
457 1736 567 1806 simile
582 1750 741 1825 asumpto
757 1760 822 1807 con
839 1740 970 1827 obligo,
989 1742 1065 1809 sarai
1082 1742 1170 1809 b'ene
1186 1743 1253 1807 che
1268 1741 1301 1809 le
1316 1738 1578 1808 constitutioni·
1590 1760 1626 1806 se

404 1854 541 1933 uedano
557 1854 664 1939 prima
680 1874 740 1941 per
757 1856 801 1923 N.
823 1858 863 1923 P.

471 1971 525 2039 De
542 1992 726 2056 procurare
741 1990 806 2061 con
823 1970 1002 2059 diligentia
1013 1972 1047 2040 la
1060 1972 1261 2040 fundatione
1273 1970 1409 2057 integra
1420 1971 1477 2037 del
1488 1969 1626 2057 collegio

405 2082 593 2155 viennense
609 2107 691 2173 pare
707 2087 812 2153 molto
829 2088 954 2167 benne,
971 2098 1007 2155 et
1022 2085 1080 2175 gii
1095 2088 1292 2156 douerebbe
1307 2106 1402 2153 esser
1419 2087 1505 2153 satta
1516 2096 1625 2172 poten·

405 2200 493 2268 dosi.

362 2322 366 2329 '
472 2318 537 2385 Del
554 2328 725 2386 accettare
742 2319 856 2403 quella
872 2330 969 2407 parte
983 2320 1040 2386 del
1056 2318 1264 2389 monesterio
1276 2318 1357 2385 delli
1371 2318 1476 2389 Padri
1487 2317 1625 2387 domini·

407 2432 510 2501 chani
529 2436 553 2515 ⁷,
575 2434 722 2501 essendo
743 2444 908 2503 contento
929 2433 953 2500 il
974 2434 1121 2517 vicario,
1144 2437 1209 2502 che
1228 2435 1306 2502 dioe
1325 2436 1437 2501 haner
1457 2433 1623 2511 aunone,
1743 2502 1745 2508 ,

405 2568 474 2615 non
492 2560 616 2616 truoua
631 2548 785 2616 dificultd
802 2552 847 2617 N.
868 2552 924 2633 P.,
943 2550 1108 2637 piacendo
1125 2550 1148 2617 il
1169 2552 1264 2620 detto
1284 2551 1412 2639 luogo,
1433 2566 1470 2616 et
1485 2550 1625 2637 parendo

401 2666 584 2731 commodo
600 2665 665 2732 alle
683 2666 750 2733 RR.
771 2664 862 2733 VV.:
880 2667 947 2733 che
964 2687 1080 2733 rumor
1095 2688 1165 2733 non
1186 2666 1351 2735 accaderd
1367 2668 1528 2747 temerlo,
1551 2686 1625 2733 con·

399 2771 601 2838 'tentandosi
619 2770 723 2857 quelli
739 2774 805 2844 che
821 2771 1005 2861 puotriano
1021 2773 1117 2841 farlo.

472 2884 573 2953 Circa
589 2886 613 2952 il
630 2888 691 2954 Dr.
711 2888 832 2974 Lanoy
847 2888 969 2955 ordina
984 2890 1031 2959 N.
1050 2891 1090 2956 Ρ.
1109 2890 1173 2956 che
1193 2888 1223 2956 si
1241 2888 1348 2955 faccia
1362 2886 1623 2975 congregatione

398 3000 486 3069 delli
502 3001 626 3081 nostri,
644 3013 679 3069 et
694 3002 730 3069 in
747 3004 860 3088 quella
875 3002 905 3070 si
921 3003 1030 3071 faccia
1044 3004 1213 3073 electione
1228 3002 1262 3070 d'
1279 3025 1349 3071 una
1359 3025 1517 3090 persona,
1531 3002 1624 3087 quaie

406 3116 532 3185 habbia
549 3126 637 3185 tutta
653 3119 675 3182 l'
694 3118 866 3185 authoritd
880 3119 925 3186 de
941 3120 986 3185 N.
1006 3120 1047 3185 P.
1070 3131 1202 3203 quanto
1222 3120 1255 3185 al
1276 3140 1434 3207 gouerno
1453 3119 1510 3185 del
1527 3136 1623 3203 corpo
1742 3145 1743 3148 ¹

406 3251 469 3297 suo
485 3252 586 3317 sopra
602 3232 626 3299 il
644 3234 755 3302 Padre
776 3245 897 3316 rettor,
919 3245 954 3302 et
974 3235 1007 3301 la
1028 3234 1075 3301 tal
1096 3256 1243 3320 persona
1263 3235 1368 3303 eletta
1388 3233 1525 3321 procuri
1543 3234 1624 3301 bene
1742 3251 1743 3286 ὲ

406 3344 586 3417 intendere
601 3350 716 3434 quello
734 3348 906 3418 conuiene
921 3350 988 3418 alla
1003 3349 1114 3417 sanitd
1130 3352 1188 3420 del
1205 3352 1316 3418 Padre
1331 3362 1451 3432 rettor‚
1469 3362 1504 3420 et
1519 3348 1623 3435 qudio
1742 3369 1744 3382 ·

406 3460 429 3528 ti
446 3462 517 3530 fari
534 3464 699 3551 exeguire
716 3466 741 3531 ⁸.

471 3574 571 3648 Dell'a
586 3580 698 3647 sanitd
714 3580 771 3650 del
788 3582 827 3647 P.
846 3582 1018 3649 Gaudano
1034 3593 1070 3649 et
1084 3582 1297 3671 diligentiae
1313 3582 1452 3668 inparar
1467 3582 1500 3649 la
1514 3560 1623 3667 tingue

404 3694 574 3764 thudesca
595 3695 626 3762 ci
655 3696 861 3783 rellegramo
881 3698 937 3764 nel
954 3696 1081 3784 Signor
1101 3709 1232 3779 nostro,
1247 3710 1282 3767 et
1306 3698 1522 3767 desideramo
1537 3694 1623 3763 udire

408 3831 524 3879 nuoue
539 3812 628 3880 delle
644 3834 707 3881 sue
724 3812 961 3900 predicationi.

409 3990 436 4011 ‚.
472 3926 573 3995 Circa
587 3927 613 3992 il
629 3928 771 3995 mandat
786 3950 807 3994 a
824 3930 932 3995 Roma
947 3928 970 3993 li
988 3930 1159 4003 thudesci.
1177 3931 1324 3997 essendo
1344 3929 1460 3998 idonei
1476 3949 1537 4015 per
1550 3948 1621 3995 sen·
1741 3939 1742 3942 ’

408 4154 410 4157 -
458 4138 474 4167 ⁸
507 4123 720 4180 constitutione
729 4143 786 4181 mn

406 4234 618 4249 ———

459 4296 470 4327 ⁷
507 4292 691 4365 PotnttctJS,
708 4293 834 4360 Chron„
849 4294 901 4367 ΙΙΙ,
915 4294 1044 4367 258260,
1061 4297 1153 4351 inulta
1164 4271 1237 4350 dicit
1249 4294 1287 4350 de
1306 4294 1486 4351 monasterio
1503 4291 1623 4349 carmeli·

406 4387 501 4437 tarum
513 4381 687 4453 obtinendo,
702 4400 770 4439 nam
786 4402 870 4456 opars
890 4400 927 4440 ee
946 4383 1116 4440 monasterii
1133 4383 1398 4463 dominicanorum,
1416 4400 1506 4457 quem
1524 4382 1624 4439 hibita·

406 4470 487 4541 bant,
502 4471 584 4526 velut
598 4470 718 4543 hospitii
732 4474 798 4527 loco
811 4490 827 4527 a
841 4472 925 4543 Rege
938 4474 1089 4545 assignata
1101 4472 1227 4530 iuerat».

459 4561 471 4594 ⁸
507 4558 597 4617 «mad
614 4562 670 4615 hoc
687 4560 816 4616 officium
833 4562 949 4617 electus
966 4561 1022 4617 ruit
1041 4560 1181 4633 magister
1199 4560 1326 4617 Erardue
1345 4560 1558 4618 Aventinum.»
1575 4558 1624 4613 Po·

404 4657 542 4720 ennom,
558 4647 682 4715 Ceron„
698 4650 750 4719 111,
765 4664 828 4721 255.
