3567 5409
396 400 449 457 504
775 386 982 442 Monuueura
1001 383 1181 442 lonnrrnnn

360 539 450 607 della
466 536 632 607 memoria
646 539 711 605 che
727 540 853 609 hauete
869 538 1000 607 hauuto
1014 537 1072 607 del
1086 548 1195 605 canto
1216 548 1335 605 uostro
1355 538 1391 603 d'
1413 536 1596 624 esseguire

361 655 441 741 quel
470 655 566 721 buon
593 654 712 723 ordine
735 667 771 723 et
790 654 824 719 d’
847 650 962 721 auisar
981 652 1037 721 del
1057 672 1210 734 sucesso3
1233 662 1269 723 et
1290 652 1425 721 benene
1446 674 1516 721 non
1542 653 1594 723 sia

361 780 486 855 questo
499 770 578 848 tale,
597 770 661 837 che
677 769 784 835 molto
800 789 902 855 possa
924 768 1081 837 satissare
1102 768 1201 835 oahi
1220 766 1377 839 desidera
1397 768 1480 855 ogni
1498 770 1596 839 bene

359 886 393 951 di
414 884 528 970 quella
549 897 639 953 terra
663 895 699 953 et
717 884 804 971 ogni
826 884 981 970 proiecto
1000 882 1189 970 spirituale,
1212 884 1348 954 armeno
1367 886 1492 953 neuere
1510 906 1593 953 mo·

359 1010 466 1068 strato
482 1000 538 1071 del
555 1010 657 1067 canto
673 1010 990 1067 uostroflnoneeser
1006 1010 1135 1067 testato
1151 999 1187 1065 d'
1210 998 1396 1069 introdursi
1418 1000 1464 1066 tal
1483 1012 1589 1071 sante

361 1136 490 1185 usanza
501 1127 536 1183 et
546 1118 614 1183 che
625 1114 818 1185 desiderate
829 1114 858 1182 si
871 1116 972 1183 usino
985 1112 1100 1183 alcuni
1116 1114 1205 1183 mezi
1221 1135 1283 1201 per
1295 1114 1496 1185 introdurla.
1514 1116 1592 1187 No·

359 1243 430 1298 stro
459 1232 581 1312 Padre,
604 1233 739 1299 benchd
758 1230 963 1319 indisposto,
986 1231 1100 1299 uorria
1116 1253 1210 1301 esser
1226 1230 1415 1301 auisatode
1432 1234 1474 1299 V.
1491 1232 1586 1303 Sria.

359 1349 425 1416 che
439 1346 559 1417 ordine
574 1348 685 1434 potria
700 1349 761 1415 dar
777 1348 809 1415 la
826 1348 967 1434 signore
981 1348 1072 1414 dona
1083 1347 1246 1437 Joanna'
1267 1345 1302 1413 di
1323 1327 1406 1432 qua,
1425 1350 1489 1418 ohe
1504 1349 1586 1435 gio·

361 1461 450 1529 uassi
463 1484 523 1549 per
534 1464 581 1531 tal
594 1464 723 1543 effetto,
739 1462 863 1549 perche
876 1462 907 1531 si
919 1463 1045 1532 uedera
1056 1463 1100 1531 de
1112 1462 1293 1548 disponere
1305 1462 1344 1531 S.
1354 1462 1410 1545 E„
1425 1462 1481 1529 cui
1490 1464 1584 1531 bono

358 1590 484 1661 mente,
503 1578 606 1645 etiam
622 1578 702 1646 nelli
719 1578 866 1667 trauagli
882 1576 1026 1665 proprii,
1044 1599 1114 1647 non
1135 1578 1296 1647 credemo
1315 1577 1496 1645 manchard
1515 1579 1584 1647 alla

358 1692 469 1761 utilitd
484 1693 634 1781 publiea.
653 1694 691 1763 Si
707 1694 809 1765 etiam
824 1714 906 1763 cosa
922 1695 1009 1762 altra
1026 1694 1060 1763 ui
1082 1692 1201 1780 pareri
1221 1692 1451 1762 oonueniente
1466 1694 1528 1761 ohe
1545 1693 1582 1763 di

356 1830 424 1895 qua
440 1808 610 1896 possiamo
626 1812 709 1893 fare,
724 1810 756 1879 la
770 1811 899 1881 faremo
918 1831 985 1882 con
1005 1809 1121 1879 animo
1142 1807 1375 1896 prontissimo;
1394 1829 1470 1895 pur,
1485 1829 1581 1875 come

357 1924 386 1991 si
400 1925 518 2013 uoglia
533 1928 598 1993 che
610 1926 648 1993 le·
654 1946 736 1993 cose
748 1927 913 2013 publiche
924 1926 1048 2009 stiano,
1063 1927 1095 1993 la
1107 1924 1213 1993 carita
1229 1937 1345 1993 uostra
1361 1944 1432 1991 non
1448 1925 1578 1992 mandri

356 2041 399 2108 da
417 2042 469 2121 iar
483 2062 547 2128 per
562 2064 600 2111 se
615 2043 730 2127 quello
745 2041 769 2108 li
786 2042 956 2112 conuiene
971 2063 1033 2128 per
1048 2040 1072 2106 il
1089 2041 1227 2127 profitto
1242 2041 1299 2111 del
1310 2062 1376 2109 suo
1392 2038 1523 2127 spirito,
1543 2052 1580 2111 et

358 2167 465 2244 tenga
480 2167 575 2227 certo
592 2158 659 2226 che
674 2159 697 2224 l’
716 2158 874 2245 ex'empio
890 2179 954 2225 suo
969 2156 1019 2226 sia
1036 2179 1097 2244 per
1118 2156 1261 2244 giouare
1281 2156 1370 2225 altri.
1392 2156 1437 2223 Et
1455 2177 1492 2225 se
1512 2177 1576 2223 non

356 2283 452 2339 tanto
469 2293 588 2359 spesso
604 2273 746 2342 comesi
763 2272 965 2361 regionam,
984 2272 1120 2341 almeno
1142 2271 1227 2359 ogni
1243 2293 1337 2340 mese
1355 2272 1401 2338 V.
1427 2269 1513 2339 Sria.
1535 2270 1579 2337 de

356 2387 468 2475 gratia
484 2388 512 2456 si
530 2386 633 2456 sforzi
650 2409 718 2456 non
735 2408 907 2469 mancare,
924 2400 961 2455 et
976 2388 1009 2455 la
1024 2408 1088 2455 sua
1103 2408 1183 2455 casa
1199 2408 1268 2455 non
1285 2386 1408 2473 puotrd
1423 2406 1577 2454 mancare

355 2525 481 2572 ancora
496 2505 541 2573 de
552 2504 711 2586 imitar103
725 2514 760 2572 et
772 2503 807 2570 di
819 2514 942 2591 questa
955 2503 1252 2588 particolarmente
1264 2500 1447 2589 bisognera
1459 2502 1573 2567 rende·

355 2643 393 2688 re
408 2633 514 2687 conto
529 2642 548 2687 a
564 2620 632 2687 Dio
647 2620 691 2687 N.
710 2620 748 2689 S.
767 2620 811 2686 Et
827 2621 857 2687 s'
874 2619 909 2685 in
928 2628 1016 2686 tutta
1031 2620 1065 2686 la
1086 2629 1177 2687 terra
1191 2616 1268 2685 altri
1292 2639 1362 2684 non
1385 2616 1570 2685 saecessino

355 2734 379 2801 ii
396 2734 596 2817 medesimo,
614 2736 749 2802 aimeno
764 2736 909 2802 sarebbe
925 2733 1021 2801 Iddio
1037 2735 1207 2800 honorato
1223 2732 1258 2799 in
1276 2732 1388 2818 quella
1409 2752 1473 2799 sua
1487 2751 1576 2812 casa,

355 2865 390 2919 et
405 2871 465 2937 per
481 2870 579 2917 mezo
594 2848 629 2917 di
648 2872 707 2919 esa
722 2848 864 2918 sarebbe
880 2851 970 2918 bene
986 2850 1030 2916 ad
1045 2849 1137 2925 altri.

364 3056 365 3061 ἵ
421 2968 500 3033 Non
517 2965 562 3031 mi
578 2966 760 3034 ostendero
776 2966 834 3052 pid
850 2964 885 3031 in
902 2975 1037 3050 questa,
1054 2986 1126 3031 non
1143 2963 1289 3031 essendo
1304 2974 1402 3032 certo
1413 2984 1452 3029 se
1465 2962 1498 3029 ui
1509 2972 1575 3028 tro·

354 3080 436 3151 ueri
463 3081 553 3150 nella
574 3091 675 3151 terra.
700 3081 826 3148 Nostro
850 3081 961 3149 Padre
981 3078 1010 3146 si
1032 3078 1237 3146 racomanda
1257 3079 1364 3145 molto
1386 3078 1453 3145 alla
1473 3078 1576 3146 carita

354 3206 482 3277 nostra,
508 3209 542 3265 et
564 3196 598 3265 io
618 3198 728 3267 anche
749 3198 781 3265 al
802 3196 908 3283 padre
929 3205 1048 3265 nostro
1065 3207 1100 3262 et
1117 3205 1205 3264 tutta
1228 3196 1260 3261 la
1276 3214 1368 3275 casa,
1388 3194 1492 3279 quale
1513 3191 1576 3261 X?

353 3312 512 3381 conserui
528 3324 564 3379 et
576 3332 715 3381 acresca
730 3313 786 3381 nel
798 3333 862 3379 suo
879 3324 980 3379 santo
995 3309 1161 3398 semigio.

420 3429 473 3496 De
491 3430 598 3495 Roma
614 3445 657 3511 23
673 3428 717 3495 de
734 3427 931 3497 settembre
947 3441 1047 3511 1553.

422 3544 617 3627 Inscriptio.
637 3540 777 3611 Oliueto
793 3544 819 3625 ⁸,
837 3564 898 3631 per
915 3544 1018 3611 Mtro.
1037 3544 1154 3609 Marco
1169 3542 1213 3611 de
1230 3540 1377 3611 Alexiis.

406 3750 417 3781 ¹
456 3748 571 3821 Joenun
584 3747 744 3820 Aragonia,
758 3746 859 3821 oppidi
873 3747 968 3803 Alviti
981 3746 1110 3805 domine.

374 3874 377 3889 2
406 3836 418 3868 ³
455 3835 753 3910 Alvitum‚·oppidum
768 3833 880 3911 antiqui
896 3835 980 3909 regni
992 3833 1181 3908 neapolitani:
1191 3832 1265 3891 illud
1275 3833 1409 3905 ignatius
1419 3849 1497 3890 anno
1511 3846 1578 3904 1552

353 3925 555 3985 excoluerat...
572 3942 623 3981 noe
635 3924 713 3981 dexo
726 3923 817 3981 orden
830 3928 960 3981 cornone
972 3922 1177 3981 conferma
1189 3940 1210 3996 y
1222 3923 1449 3980 comunicmen
1463 3925 1579 3981 mucha

351 4014 424 4067 cade
438 4030 510 4085 mea,
526 4012 787 4086 interponiendose
800 4014 827 4070 ei
846 4014 930 4071 fauor
938 4014 977 4070 de
998 4030 1057 4070 vna
1069 4017 1186 4085 sedora,
1197 4015 1215 4069 ί
1226 4028 1304 4085 cuyo
1315 4013 1462 4083 gouiemo
1482 4020 1580 4069 eutem

352 4102 467 4173 nouella
482 4102 598 4162 tierran.
613 4103 719 4177 Supra,
732 4102 785 4172 1V,
800 4100 863 4173 534.
