3567 5409
483 482 588 567 Errsr.
606 480 761 551 &yde-sd
779 480 982 539 ssrrmns
1003 433 1072 553 i55³
1306 491 1357 549 5²1

172 646 296 704 mantas
315 646 355 702 ut
381 655 560 723 pauperes,
583 635 643 723 qui
664 656 734 703 non
760 634 891 703 habent
913 634 1006 707 unde
1027 632 1094 701 sibi
1109 632 1332 723 prospiciant,
1350 634 1396 704 de

171 750 264 819 bonis
278 750 436 839 pauper'u
451 750 589 841 collegii
604 750 739 819 uiuant
757 752 802 819 Et
817 770 940 820 reuera
954 750 1040 819 nihil
1060 749 1128 819 iilis
1141 750 1262 819 deesse
1283 747 1395 837 patie-

171 884 256 949 mur,
278 867 357 936 iicet
383 888 463 938 aere
483 866 596 937 alieno
615 888 685 935 non
708 888 828 955 parum
848 864 998 955 grauati3
1015 866 1099 956 imo,
1119 885 1210 952 quae
1228 866 1275 933 ad
1289 875 1392 934 tuen·

167 980 245 1049 dam
263 984 492 1054 ualetudinem
508 996 544 1055 et
559 984 604 1053 ad
618 984 724 1052 studii
740 982 1017 1051 commoditatem
1033 980 1175 1064 tuerint,
1192 980 1244 1051 eis
1258 1000 1394 1069 semper

167 1098 220 1183 (ut
235 1099 261 1166 si
277 1100 528 1169 abundaremus
544 1099 746 1187 redditibus)
763 1097 1112 1168 subministrabimus.

234 1216 315 1284 Vale
329 1213 367 1282 in
383 1216 535 1320 Christo,
552 1214 751 1285 charissime
769 1216 885 1297 Pater,
897 1225 935 1282 et
947 1212 1073 1284 uestris
1085 1213 1300 1281 orationibus
1314 1214 1392 1283 Deo

167 1350 231 1398 nos
245 1334 492 1404 commendate.

234 1448 359 1517 Romae
375 1450 419 1516 26
433 1446 645 1536 Septembris
665 1462 762 1533 1553.

219 1562 361 1635 Literas
378 1563 491 1633 fratris
515 1565 624 1635 nostri
635 1564 779 1655 Joannis
791 1564 835 1632 de
852 1563 939 1631 Tilia
962 1564 1007 1631 V.
1025 1562 1083 1642 lt,
1100 1560 1131 1628 si
1154 1560 1263 1640 uolet,
1282 1560 1390 1647 leget,

166 1698 241 1745 nam
256 1680 339 1747 mihi
355 1702 426 1747 non
442 1692 556 1750 uacat.

229 1795 422 1882 Imcriptio.
442 1796 607 1865 Louanio.
625 1798 661 1867 P.
681 1796 835 1866 Adriano
853 1796 1025 1863 Polancus
1041 1814 1085 1865 er
1101 1790 1320 1861 comissione.

722 1984 830 2071 378⁰

470 2130 743 2220 Journuo
782 2129 1072 2199 sarazar

539 2272 628 2319 nous
641 2262 676 2319 ἡ
688 2272 883 2319 smnusnrs
900 2260 969 2332 155³
982 2260 1004 2319 ¹.

341 2378 386 2435 De
398 2394 452 2433 suo
465 2378 596 2453 sugatis:
608 2376 645 2439 Ρ.
668 2378 817 2437 Victorias
829 2379 895 2434 vult
905 2382 940 2434 ut
945 2378 1027 2453 fides
1040 2377 1197 2435 habeatur.

128 2464 137 2483 ⁹
226 2494 274 2565 Mi
290 2504 394 2565 senor
407 2515 452 2561 en
467 2496 499 2565 el
515 2496 627 2567 Senor
640 2507 794 2567 nuestro.

226 2612 275 2681 La
295 2632 429 2678 summa
450 2608 562 2698 gratia
581 2634 604 2699 y
627 2632 723 2679 amor
742 2623 862 2681 eterno
882 2612 927 2680 de
947 2609 1013 2679 X?
1035 2621 1177 2679 nuestro
1197 2618 1303 2679 senor
1331 2628 1391 2677 sea

162 2724 309 2815 siempre
324 2749 368 2795 en
385 2738 525 2795 nuestro
542 2726 639 2795 fauor
654 2750 677 2815 y
693 2728 819 2816 ayuda.
838 2729 964 2797 Amen.

227 2844 341 2912 Heme
356 2840 517 2912 detenido
531 2843 576 2913 de
592 2844 778 2931 respondet
794 2849 814 2913 a
830 2846 863 2913 la
878 2844 922 2912 de
937 2844 982 2913 V.
1000 2844 1070 2913 md.
1088 2844 1133 2913 de
1145 2843 1314 2932 palabras,
1327 2843 1382 2911 de·

161 2959 288 3027 seando
304 2960 407 3026 hazer
434 2969 611 3046 respuesta
626 2958 773 3047 primero
789 2980 854 3028 con
870 2960 904 3028 la
920 2960 1016 3042 obra,
1034 2980 1057 3047 y
1073 2964 1122 3028 asi
1139 2960 1172 3027 lo
1195 2960 1242 3029 he
1262 2978 1388 3047 procu-

163 3073 253 3154 rado,
271 3078 346 3141 mas
360 3094 421 3161 por
438 3072 548 3142 seruir
563 3079 583 3143 a
599 3075 643 3174 Vt
663 3075 731 3143 md.
751 3076 862 3165 (como
878 3076 1023 3143 lobaria
1039 3098 1083 3146 en
1100 3060 1142 3145 el*
1153 3078 1264 3145 Senor
1279 3096 1384 3144 nues-

162 3194 212 3253 tro
227 3188 375 3275 siempre
391 3208 459 3275 que
474 3210 512 3257 se
524 3190 699 3260 offreziese
710 3190 870 3259 occasion
883 3212 966 3279 muy
978 3192 1023 3263 de
1036 3192 1228 3277 uoluntad),
1242 3212 1310 3277 que
1325 3212 1388 3278 por

156 3300 279 3390 juzgar
295 3324 364 3389 que
385 3303 418 3375 ie
437 3324 496 3373 era
516 3326 598 3391 muy
618 3304 808 3375 necessaria
825 3306 872 3373 tal
888 3305 1073 3393 diligencia
1088 3321 1229 3375 nuestra
1248 3306 1274 3373 ¹.
1297 3308 1389 3375 Des·

162 3422 242 3503 puts
264 3420 311 3489 he
327 3420 511 3489 entendido
532 3426 600 3507 q'ue
626 3422 660 3487 el
675 3420 730 3491 Sr.
754 3422 799 3491 D.
822 3420 935 3509 Diego
952 3424 1060 3491 Lasso
1083 3421 1175 3491 tiene
1191 3421 1289 3509 quasi
1304 3422 1388 3491 des·

162 3536 311 3619 pachado
331 3554 378 3601 un
399 3534 505 3606 breue
532 3556 615 3623 muy
637 3534 810 3624 cumplido
831 3558 915 3625 para
938 3538 1038 3605 todas
1058 3538 1108 3605 las
1129 3558 1295 3624 personas
1318 3558 1387 3623 que

162 3649 298 3731 podrian
323 3660 420 3719 tener
446 3650 608 3737 scrupulo
634 3673 679 3721 en
699 3652 731 3721 el
757 3673 838 3721 caso
858 3674 927 3739 que
947 3658 968 3720 a
989 3654 1033 3721 V.
1059 3652 1129 3719 md.
1154 3663 1244 3735 toea,
1270 3676 1293 3740 y
1314 3658 1388 3720 mas

161 3750 325 3835 adelante.
345 3766 375 3833 Y
392 3786 436 3853 oy
452 3788 506 3834 me
522 3768 566 3835 ha
581 3766 741 3853 ymbiado
756 3774 777 3837 a
792 3768 885 3839 dezir
899 3790 971 3861 que
988 3769 1113 3837 dentro
1129 3771 1228 3837 desta
1244 3789 1388 3837 semana

161 3874 274 3962 piensa
289 3902 327 3949 se
342 3881 566 3969 despachara.
586 3882 691 3951 Entre
708 3894 804 3951 tanto
820 3885 853 3953 el
874 3904 943 3969 que
955 3885 1038 3952 dara
1054 3884 1089 3949 la
1111 3895 1271 3971 presente
1292 3884 1304 3918 ⁸
1322 3904 1387 3973 po·

160 3990 217 4062 dra
236 3996 391 4065 declarat
413 3999 493 4065 aV.
512 3997 582 4065 md.
608 4020 669 4087 por
690 4004 757 4085 que
780 4004 882 4067 razdn
910 4000 1023 4087 puede
1053 4019 1256 4087 asegurarse
1278 4020 1322 4068 en
1344 4020 1386 4068 su

160 4111 376 4193 conscientia,
395 4132 464 4181 aun
481 4112 534 4182 sin
546 4113 578 4183 el
594 4113 712 4182 breue.

223 4226 251 4293 Y
275 4226 535 4297 remitiendome
555 4234 576 4297 a
596 4230 627 4298 el
651 4230 953 4317 yosfreziendome
976 4234 1101 4301 mucho
1123 4232 1155 4299 al
1176 4230 1324 4301 seruicio
1342 4232 1386 4299 de

164 4360 368 4379 *a*

209 4430 216 4463 ¹
253 4432 297 4487 Es
309 4432 411 4489 codice
425 4434 544 4510 Regest.
560 4432 586 4499 I,
599 4432 649 4491 tol.
664 4433 710 4491 32.
721 4434 871 4501 -Cortus¹
887 4454 918 4493 n.
932 4435 1045 4496 CCCL.

207 4517 220 4549 ¹
253 4520 328 4577 Vide
349 4520 489 4595 epistolas
505 4521 670 4596 37643766,
691 4526 741 4581 ubi
762 4524 895 4598 apertius
907 4524 1073 4583 declaratur
1095 4525 1260 4599 negotium,
1274 4524 1385 4599 dequo

160 4604 203 4663 bic
214 4611 320 4683 agitur,
334 4620 366 4667 et
377 4621 552 4685 sequentem
564 4612 665 4669 statim
678 4614 844 4687 epistolam.

210 4698 221 4733 ⁸
256 4698 289 4759 P.
304 4700 434 4773 Joanues
447 4700 589 4760 Victoria.
