3567 5409
402 467 457 524 714
785 457 992 514 Mouorrrrnrn
1011 459 1188 514 Iounnnun

369 610 445 677 sirni
461 633 526 677 con
543 612 566 677 li
583 611 668 680 mezi
684 611 812 678 esterni
828 612 883 680 del
907 612 1095 697 predicare,
1118 624 1201 694 etc,
1226 615 1502 683 absolutamente
1525 637 1606 700 pre-

369 729 537 814 gharemo
553 727 692 795 Christo
708 730 757 796 N.
779 729 816 796 S.
836 728 865 793 si
880 727 986 815 degni
1002 729 1064 796 dar
1079 729 1155 795 voci
1172 750 1265 797 suae·
1279 751 1400 798 vocem
1420 729 1561 797 virtutis
1576 733 1605 808 ³,

369 853 404 910 et
421 846 453 910 al
469 843 659 912 ministerio
674 844 755 909 delli
771 843 975 912 sacramenti
992 845 1107 930 quella
1123 845 1277 912 efficacia
1293 849 1359 913 che
1378 844 1408 912 si
1428 845 1599 916 desidera.

369 959 471 1027 Circa
487 959 510 1024 il
523 960 614 1025 dono
625 959 713 1026 delle
726 960 890 1025 lachrime
903 981 973 1026 non
985 961 1014 1026 si
1026 964 1097 1046 puo
1109 961 1298 1029 domandar
1308 962 1597 1042 absolutamente‚

368 1078 498 1162 perche
519 1097 588 1142 non
611 1076 628 1141 ὲ
651 1075 855 1155 necessario,
875 1076 918 1143 ne
938 1076 1213 1144 absolutamente
1235 1090 1271 1144 et
1295 1077 1412 1144 atutti
1435 1078 1554 1144 buono
1569 1091 1607 1144 et

369 1190 609 1259 conueniente.
628 1194 699 1257 Pur
716 1192 748 1256 io
764 1194 809 1258 ho
827 1192 914 1258 fatto
931 1193 954 1257 Γ
972 1191 1085 1258 officio
1101 1213 1166 1258 con
1190 1193 1233 1259 N.
1257 1195 1296 1259 P.
1321 1195 1425 1260 Mtr0.
1453 1193 1602 1279 lgnatiO,

369 1317 403 1375 et
419 1305 521 1375 etiam
539 1329 599 1393 per
615 1329 670 1374 me
686 1305 708 1372 Γ
725 1309 770 1372 ho
787 1307 991 1392 supplicato,
1010 1317 1045 1373 et
1060 1307 1255 1394 supplicato
1272 1330 1293 1374 a
1310 1309 1406 1374 lddio
1424 1310 1469 1376 N.
1484 1310 1523 1377 S.
1538 1312 1605 1377 che

367 1423 402 1488 lo
417 1422 568 1490 conceda
588 1421 624 1488 in
646 1435 774 1507 quanto
799 1425 817 1488 ὲ
839 1423 1069 1490 conueniente
1090 1444 1151 1509 per
1172 1424 1195 1489 il
1216 1424 1288 1492 fine
1308 1423 1516 1494 medessimo
1537 1426 1606 1493 che

331 1623 335 1636 Ι
369 1539 414 1606 V.
433 1539 474 1604 R.
494 1539 527 1604 lo
544 1536 685 1622 ricerca,
704 1538 779 1605 cioe
796 1538 863 1607 del'
881 1539 1027 1626 aggiuto
1043 1539 1123 1607 dell’
1142 1539 1267 1618 anime,
1285 1561 1348 1608 sua
1364 1550 1400 1606 et
1412 1540 1494 1606 delli
1506 1561 1607 1627 pros·

369 1652 457 1719 simi.
477 1655 587 1723 Padre
603 1653 817 1734 charissimo,
836 1656 1037 1721 cordurum
1054 1655 1142 1722 male
1159 1654 1298 1722 habebit
1313 1655 1348 1721 in
1365 1656 1558 1724 nouissimo
1575 1659 1600 1736 ⁸,

369 1791 424 1835 ma
440 1769 463 1836 il
478 1791 583 1839 cuore
599 1769 797 1839 desideroso
813 1772 880 1838 del'
899 1770 1045 1857 aggiuto
1066 1771 1146 1840 dell'
1169 1773 1294 1855 anime,
1312 1794 1410 1839 come
1426 1773 1543 1856 quello
1559 1774 1606 1839 de

370 1887 412 1952 V.
431 1888 485 1967 R„
504 1897 538 1953 et
554 1887 610 1953 del
626 1886 744 1955 diuino
757 1887 900 1956 seruitio
912 1909 981 1953 non
998 1889 1028 1955 si
1042 1889 1111 1974 puo
1123 1887 1295 1957 chiamare
1306 1890 1406 1970 dur0;
1421 1900 1456 1955 et
1470 1891 1602 1956 hanen-

368 2002 412 2068 do
430 2002 518 2069 nella
533 2003 676 2070 volunta
693 2017 728 2069 et
743 2017 840 2090 parte
856 2005 1034 2091 superiore
1049 2005 1129 2073 dell'
1147 2003 1263 2071 anima
1278 2005 1520 2091 compassione
1535 2006 1605 2074 alle

369 2118 503 2186 miserie
520 2119 599 2186 delli
617 2119 774 2204 proximi,
797 2121 945 2188 volendo
966 2121 1164 2189 subuenirle
1186 2123 1243 2188 del
1263 2131 1366 2188 canto
1390 2142 1468 2202 su0,
1492 2133 1528 2189 et
1548 2124 1603 2188 fa·

368 2235 478 2300 cendo
488 2234 645 2320 gl’officii
658 2237 701 2304 de
713 2238 842 2302 huomo
854 2239 919 2304 che
928 2239 975 2302 ha
983 2237 1029 2302 tal
1041 2237 1183 2303 volunta
1195 2237 1335 2304 efficace
1347 2237 1401 2304 nel
1415 2257 1605 2322 procurare

368 2348 391 2414 li
407 2349 507 2432 mezi,
527 2372 594 2416 non
612 2373 698 2418 sono
718 2352 912 2420 necessarie
935 2353 1020 2420 altre
1036 2353 1212 2433 lachrime,
1232 2355 1275 2419 ne
1292 2355 1378 2419 altra
1395 2352 1607 2442 tene[rez]za

367 2465 410 2532 de
433 2486 551 2534 cuore.
579 2469 621 2532 Et
643 2467 775 2534 benche
798 2467 912 2534 alcuni
932 2466 955 2533 Γ
977 2467 1142 2550 habbino,
1167 2492 1228 2554 per
1248 2490 1363 2536 essere
1384 2469 1452 2535 tale
1474 2469 1509 2534 la
1528 2468 1604 2534 loro

368 2591 502 2663 natura,
522 2585 587 2650 che
606 2584 628 2648 Γ
651 2585 775 2650 affecto
795 2583 874 2652 dell’
897 2584 1010 2650 anima
1030 2583 1206 2670 superiore
1227 2583 1382 2652 redunda
1403 2583 1603 2652 facilmente

369 2697 446 2764 nell’
464 2697 636 2779 inferiore,
654 2721 675 2764 o
690 2701 817 2786 perche
832 2701 899 2767 Dio
916 2702 958 2766 N.
976 2702 1029 2783 S„
1048 2700 1207 2767 vedendo
1223 2701 1282 2765 ch'
1299 2700 1404 2766 aloro
1416 2699 1600 2778 conuiene,

365 2813 388 2877 li
402 2813 445 2880 dt
459 2816 505 2880 tal
517 2816 725 2884 resolutione
738 2816 771 2881 in
786 2816 963 2898 lachrime,
973 2837 1044 2882 non
1056 2839 1117 2903 per
1129 2825 1252 2900 questo
1264 2815 1288 2880 li
1300 2816 1360 2881 tali
1372 2817 1491 2880 hanno
1504 2837 1602 2901 mag—

367 2927 445 3015 gior
461 2929 605 3012 charita,
625 2934 668 2998 ne
686 2954 771 2998 sono
787 2932 845 3018 piu
862 2933 993 3000 efficaci
1018 2935 1083 3021 che
1106 2932 1196 3015 altri,
1222 2933 1289 2998 che
1311 2953 1381 2996 non
1401 2933 1521 2996 hanno
1544 2931 1603 2996 tali

368 3045 543 3127 lachrime,
561 3048 694 3115 benche
711 3047 863 3113 habbino
879 3049 1003 3116 affecto
1024 3069 1094 3113 non
1114 3047 1247 3114 minore
1267 3046 1357 3113 nella
1376 3056 1474 3132 parte
1496 3067 1602 3130 supe—

368 3159 468 3244 riore,
488 3162 603 3244 idest,
622 3164 764 3229 volunta
783 3175 878 3230 tanto
895 3165 982 3229 sorte
997 3174 1033 3231 et
1049 3163 1188 3230 efficace
1203 3165 1248 3248 (la
1264 3163 1365 3248 quale
1380 3163 1400 3230 ἑ
1420 3174 1500 3228 acto
1520 3183 1601 3246 pro·

369 3278 442 3364 prio
458 3280 547 3345 della
563 3279 704 3364 charita)
722 3301 781 3364 per
797 3279 820 3345 il
833 3279 974 3346 seruitio
986 3279 1105 3346 diuino
1117 3289 1151 3345 et
1163 3280 1253 3348 bene
1264 3279 1343 3344 dell'
1358 3278 1485 3360 anime,
1499 3298 1607 3343 corne

369 3395 472 3480 quelli
489 3397 546 3461 ch'
563 3396 746 3462 abondano
768 3397 811 3463 de
832 3396 1007 3466 lachrime.
1032 3395 1119 3463 Dico
1142 3394 1281 3462 etiama
1302 3395 1345 3461 V.
1371 3395 1412 3461 R.
1437 3393 1548 3480 (come
1566 3393 1607 3458 lo

368 3512 477 3593 sento)
494 3513 558 3577 che
573 3513 617 3578 ad
633 3511 758 3591 alcuni,
777 3512 806 3578 si
822 3515 889 3576 ben
906 3512 1007 3578 stessi
1022 3511 1057 3577 in
1076 3531 1177 3577 mano
1194 3510 1260 3576 mia
1276 3508 1362 3576 darli
1375 3510 1407 3577 le
1420 3508 1599 3588 lachrime,

368 3627 402 3692 io
417 3649 486 3694 non
504 3627 527 3692 li
543 3627 649 3706 darei,
669 3630 796 3713 perche
812 3650 883 3693 non
899 3626 1051 3713 giouano
1066 3628 1099 3694 l'a
1115 3626 1246 3694 charita
1262 3627 1336 3692 loro
1352 3638 1389 3693 et
1407 3627 1490 3692 fano
1510 3627 1602 3692 dano

369 3745 400 3808 al
417 3765 521 3828 corpo
537 3754 572 3810 et
590 3754 688 3825 testa,
707 3756 741 3812 et
758 3754 1008 3827 consequenter
1019 3741 1252 3828 impediscono
1264 3743 1411 3828 qualche
1423 3740 1603 3809 essercitio

368 3860 411 3926 de
427 3859 572 3928 charita.
590 3860 628 3928 Si
646 3862 709 3925 che
726 3861 769 3927 V.
790 3863 832 3928 R.
851 3881 920 3925 non
936 3858 965 3925 si
980 3857 1065 3946 pigli
1078 3857 1213 3925 fastidio
1225 3877 1286 3944 per
1297 3857 1322 3923 il
1334 3859 1602 3925 manchatnento

368 3976 412 4040 de
428 3975 590 4041 lachrime
607 3989 756 4058 esterne,
774 3989 809 4043 et
825 3996 996 4042 conserue
1012 3996 1075 4040 sua
1089 3976 1205 4040 buona
1226 3974 1369 4039 volunta
1388 3984 1423 4040 et
1446 3973 1601 4054 efficace,

368 4103 403 4158 et
420 4101 584 4158 mostrata
600 4091 635 4156 in
652 4113 768 4177 opera,
787 4102 821 4160 et
837 4102 961 4177 questo
976 4091 1075 4157 basta
1097 4112 1157 4176 per
1177 4091 1210 4158 la
1231 4087 1367 4176 propria
1387 4087 1601 4176 perfectione

368 4217 403 4273 et
419 4207 565 4293 aggiuto
580 4207 615 4272 d'
633 4207 723 4287 altri,
742 4218 776 4274 et
793 4207 935 4273 seruitio
951 4209 995 4272 de
1010 4206 1089 4272 Dio.
1109 4207 1152 4272 Et
1173 4203 1328 4270 ricordisi
1349 4206 1417 4270 che
1439 4204 1462 4269 li
1483 4205 1600 4292 angeli

368 4321 449 4389 boni
467 4324 546 4390 sano
564 4324 678 4408 quello
695 4324 758 4389 che
775 4343 927 4408 possono
939 4345 999 4408 per
1014 4321 1199 4389 defendere
1214 4319 1263 4406 gli
1281 4319 1438 4386 huomini
1456 4321 1503 4389 de
1519 4339 1600 4406 pec·

369 4438 448 4518 cati,
478 4449 513 4506 et
537 4439 633 4504 accio
653 4438 721 4505 Dio
745 4438 795 4504 sia
816 4440 997 4520 honorato,
1021 4447 1056 4504 et
1076 4459 1141 4524 put
1162 4458 1231 4504 non
1253 4435 1281 4502 si
1306 4435 1459 4522 pigliano
1484 4436 1603 4503 dolore

371 4563 570 4572 ——u

421 4613 432 4643 ²
470 4610 521 4667 Ps.
537 4609 655 4675 LXVII,
668 4607 713 4678 34.

421 4701 432 4731 ⁵
470 4701 589 4770 Eccrr.‚
605 4699 657 4767 ΙΙΙ,
673 4712 717 4768 27.
