<?xml version="1.0" encoding="UTF-8"?>
<!DOCTYPE html PUBLIC "-//W3C//DTD XHTML 1.0 Transitional//EN"
    "http://www.w3.org/TR/xhtml1/DTD/xhtml1-transitional.dtd">
<html xmlns="http://www.w3.org/1999/xhtml" xml:lang="en" lang="en">
 <head>
  <title>
</title>
<meta http-equiv="Content-Type" content="text/html;charset=utf-8" />
  <meta name='ocr-system' content='tesseract 3.04.00' />
  <meta name='ocr-capabilities' content='ocr_page ocr_carea ocr_par ocr_line ocrx_word'/>
</head>
<body>
  <div class='ocr_page' id='page_1' title='image "./monumentaignati02ignagoog_0197.png"; bbox 0 0 3567 5409; ppageno 0'>
   <div class='ocr_carea' id='block_1_1' title="bbox 548 412 1362 486">
    <p class='ocr_par' dir='ltr' id='par_1_1' title="bbox 548 412 1362 486">
     <span class='ocr_line' id='line_1_1' title="bbox 548 412 1362 486; baseline 0.001 -15"><span class='ocrx_word' id='word_1_1' title='bbox 548 417 655 472; x_wconf 77' lang='lat' dir='ltr'>Emer.</span> <span class='ocrx_word' id='word_1_2' title='bbox 674 413 931 486; x_wconf 79' lang='lat' dir='ltr'>3548.-13Jm.u</span> <span class='ocrx_word' id='word_1_3' title='bbox 952 412 1021 484; x_wconf 85' lang='lat'>1553</span> <span class='ocrx_word' id='word_1_4' title='bbox 1315 426 1362 485; x_wconf 84' lang='lat'>191</span> 
     </span>
    </p>
   </div>
   <div class='ocr_carea' id='block_1_2' title="bbox 165 566 1401 768">
    <p class='ocr_par' dir='ltr' id='par_1_2' title="bbox 165 566 1401 768">
     <span class='ocr_line' id='line_1_2' title="bbox 165 566 1401 653; baseline 0.001 -20"><span class='ocrx_word' id='word_1_5' title='bbox 165 586 308 653; x_wconf 85' lang='lat' dir='ltr'>sempre</span> <span class='ocrx_word' id='word_1_6' title='bbox 335 578 370 633; x_wconf 85' lang='lat' dir='ltr'>et</span> <span class='ocrx_word' id='word_1_7' title='bbox 395 567 487 634; x_wconf 84' lang='lat' dir='ltr'>fazet</span> <span class='ocrx_word' id='word_1_8' title='bbox 509 589 574 634; x_wconf 87' lang='lat' dir='ltr'>sua</span> <span class='ocrx_word' id='word_1_9' title='bbox 596 566 810 634; x_wconf 85' lang='lat' dir='ltr'>sanctissima</span> <span class='ocrx_word' id='word_1_10' title='bbox 838 568 1005 634; x_wconf 83' lang='lat' dir='ltr'>vontade..</span> <span class='ocrx_word' id='word_1_11' title='bbox 1029 569 1082 634; x_wconf 89' lang='lat' dir='ltr'>De</span> <span class='ocrx_word' id='word_1_12' title='bbox 1106 569 1213 635; x_wconf 90' lang='lat' dir='ltr'>Roma</span> <span class='ocrx_word' id='word_1_13' title='bbox 1240 568 1335 635; x_wconf 90' lang='lat' dir='ltr'>vinte</span> <span class='ocrx_word' id='word_1_14' title='bbox 1357 569 1401 634; x_wconf 91' lang='lat' dir='ltr'>de</span> 
     </span>
     <span class='ocr_line' id='line_1_3' title="bbox 167 681 981 768; baseline 0 -20"><span class='ocrx_word' id='word_1_15' title='bbox 167 683 279 768; x_wconf 80' lang='lat' dir='ltr'>Mayo</span> <span class='ocrx_word' id='word_1_16' title='bbox 294 685 337 752; x_wconf 89' lang='lat' dir='ltr'>de</span> <span class='ocrx_word' id='word_1_17' title='bbox 351 681 411 748; x_wconf 88' lang='lat' dir='ltr'>mil</span> <span class='ocrx_word' id='word_1_18' title='bbox 427 682 639 768; x_wconf 87' lang='lat' dir='ltr'>quinhentos</span> <span class='ocrx_word' id='word_1_19' title='bbox 653 682 832 750; x_wconf 82' lang='lat' dir='ltr'>sincoenta</span> <span class='ocrx_word' id='word_1_20' title='bbox 847 693 884 750; x_wconf 90' lang='lat' dir='ltr'>et</span> <span class='ocrx_word' id='word_1_21' title='bbox 901 693 981 750; x_wconf 80' lang='lat' dir='ltr'>tres,</span> 
     </span>
    </p>
   </div>
   <div class='ocr_carea' id='block_1_3' title="bbox 149 887 1406 2481">
    <p class='ocr_par' dir='ltr' id='par_1_3' title="bbox 149 887 1406 2481">
     <span class='ocr_line' id='line_1_4' title="bbox 149 887 1402 976; baseline 0 -20"><span class='ocrx_word' id='word_1_22' title='bbox 149 920 158 926; x_wconf 93' lang='lat'><strong>·</strong></span> <span class='ocrx_word' id='word_1_23' title='bbox 239 907 295 956; x_wconf 87' lang='lat'>20.</span> <span class='ocrx_word' id='word_1_24' title='bbox 342 887 444 956; x_wconf 83' lang='lat' dir='ltr'>Fiiho</span> <span class='ocrx_word' id='word_1_25' title='bbox 472 889 600 955; x_wconf 87' lang='lat' dir='ltr'>Mestre</span> <span class='ocrx_word' id='word_1_26' title='bbox 624 887 755 968; x_wconf 75' lang='lat' dir='ltr'>Simao,</span> <span class='ocrx_word' id='word_1_27' title='bbox 780 887 900 956; x_wconf 86' lang='lat' dir='ltr'>fiaivos</span> <span class='ocrx_word' id='word_1_28' title='bbox 923 891 966 957; x_wconf 91' lang='lat' dir='ltr'>de</span> <span class='ocrx_word' id='word_1_29' title='bbox 990 891 1085 971; x_wconf 86' lang='lat' dir='ltr'>mim,</span> <span class='ocrx_word' id='word_1_30' title='bbox 1110 912 1178 976; x_wconf 90' lang='lat' dir='ltr'>que</span> <span class='ocrx_word' id='word_1_31' title='bbox 1201 909 1278 956; x_wconf 88' lang='lat' dir='ltr'>eom</span> <span class='ocrx_word' id='word_1_32' title='bbox 1301 909 1402 956; x_wconf 83' lang='lat' dir='ltr'>vossa</span> 
     </span>
     <span class='ocr_line' id='line_1_5' title="bbox 168 1001 1404 1098; baseline -0.003 -26"><span class='ocrx_word' id='word_1_33' title='bbox 168 1005 280 1072; x_wconf 77' lang='lat' dir='ltr'>vinda</span> <span class='ocrx_word' id='word_1_34' title='bbox 296 1004 387 1091; x_wconf 88' lang='lat' dir='ltr'>aqui,</span> <span class='ocrx_word' id='word_1_35' title='bbox 406 1025 509 1070; x_wconf 71' lang='lat' dir='ltr'>rosea</span> <span class='ocrx_word' id='word_1_36' title='bbox 523 1003 612 1070; x_wconf 92' lang='lat' dir='ltr'>alma</span> <span class='ocrx_word' id='word_1_37' title='bbox 623 1015 658 1070; x_wconf 84' lang='lat' dir='ltr'>et</span> <span class='ocrx_word' id='word_1_38' title='bbox 670 1025 691 1068; x_wconf 90' lang='lat' dir='ltr'>a</span> <span class='ocrx_word' id='word_1_39' title='bbox 703 1001 820 1070; x_wconf 88' lang='lat' dir='ltr'>minha</span> <span class='ocrx_word' id='word_1_40' title='bbox 831 1010 930 1072; x_wconf 78' lang='lat' dir='ltr'>serao</span> <span class='ocrx_word' id='word_1_41' title='bbox 942 1007 1143 1098; x_wconf 73' lang='lat' dir='ltr'>consoladas</span> <span class='ocrx_word' id='word_1_42' title='bbox 1159 1026 1251 1073; x_wconf 88' lang='lat' dir='ltr'>emo</span> <span class='ocrx_word' id='word_1_43' title='bbox 1267 1003 1404 1074; x_wconf 88' lang='lat' dir='ltr'>Senhor</span> 
     </span>
     <span class='ocr_line' id='line_1_6' title="bbox 168 1118 1403 1208; baseline -0.003 -20"><span class='ocrx_word' id='word_1_44' title='bbox 168 1119 301 1200; x_wconf 81' lang='lat' dir='ltr'>Nesso,</span> <span class='ocrx_word' id='word_1_45' title='bbox 317 1133 351 1189; x_wconf 88' lang='lat' dir='ltr'>et</span> <span class='ocrx_word' id='word_1_46' title='bbox 369 1120 465 1185; x_wconf 87' lang='lat' dir='ltr'>todas</span> <span class='ocrx_word' id='word_1_47' title='bbox 480 1141 519 1186; x_wconf 82' lang='lat' dir='ltr'>as</span> <span class='ocrx_word' id='word_1_48' title='bbox 534 1138 670 1201; x_wconf 73' lang='lat' dir='ltr'>consae,</span> <span class='ocrx_word' id='word_1_49' title='bbox 687 1140 756 1204; x_wconf 90' lang='lat' dir='ltr'>que</span> <span class='ocrx_word' id='word_1_50' title='bbox 771 1140 833 1185; x_wconf 93' lang='lat' dir='ltr'>vos</span> <span class='ocrx_word' id='word_1_51' title='bbox 848 1131 882 1187; x_wconf 87' lang='lat' dir='ltr'>et</span> <span class='ocrx_word' id='word_1_52' title='bbox 898 1140 942 1187; x_wconf 93' lang='lat' dir='ltr'>eu</span> <span class='ocrx_word' id='word_1_53' title='bbox 955 1121 1148 1208; x_wconf 88' lang='lat' dir='ltr'>dezejamos</span> <span class='ocrx_word' id='word_1_54' title='bbox 1164 1127 1184 1190; x_wconf 78' lang='lat' dir='ltr'>a</span> <span class='ocrx_word' id='word_1_55' title='bbox 1199 1118 1309 1188; x_wconf 89' lang='lat' dir='ltr'>maior</span> <span class='ocrx_word' id='word_1_56' title='bbox 1323 1119 1403 1206; x_wconf 86' lang='lat' dir='ltr'>glo-</span> 
     </span>
     <span class='ocr_line' id='line_1_7' title="bbox 168 1235 1403 1320; baseline -0.002 -17"><span class='ocrx_word' id='word_1_57' title='bbox 168 1236 223 1303; x_wconf 90' lang='lat' dir='ltr'>ria</span> <span class='ocrx_word' id='word_1_58' title='bbox 247 1235 362 1303; x_wconf 85' lang='lat' dir='ltr'>divina</span> <span class='ocrx_word' id='word_1_59' title='bbox 378 1242 474 1302; x_wconf 63' lang='lat' dir='ltr'>terfio</span> <span class='ocrx_word' id='word_1_60' title='bbox 490 1235 569 1302; x_wconf 92' lang='lat' dir='ltr'>bom</span> <span class='ocrx_word' id='word_1_61' title='bbox 591 1235 664 1317; x_wconf 85' lang='lat' dir='ltr'>fim,</span> <span class='ocrx_word' id='word_1_62' title='bbox 687 1255 748 1320; x_wconf 89' lang='lat' dir='ltr'>por</span> <span class='ocrx_word' id='word_1_63' title='bbox 772 1246 869 1301; x_wconf 85' lang='lat' dir='ltr'>tanto</span> <span class='ocrx_word' id='word_1_64' title='bbox 892 1235 995 1303; x_wconf 84' lang='lat' dir='ltr'>tomai</span> <span class='ocrx_word' id='word_1_65' title='bbox 1020 1258 1097 1303; x_wconf 89' lang='lat' dir='ltr'>eom</span> <span class='ocrx_word' id='word_1_66' title='bbox 1122 1235 1229 1304; x_wconf 86' lang='lat' dir='ltr'>muita</span> <span class='ocrx_word' id='word_1_67' title='bbox 1252 1236 1403 1320; x_wconf 66' lang='lat' dir='ltr'>devaeao</span> 
     </span>
     <span class='ocr_line' id='line_1_8' title="bbox 166 1351 1404 1438; baseline -0.003 -20"><span class='ocrx_word' id='word_1_68' title='bbox 166 1373 243 1438; x_wconf 82' lang='lat' dir='ltr'>que</span> <span class='ocrx_word' id='word_1_69' title='bbox 261 1351 502 1437; x_wconf 84' lang='lat' dir='ltr'>nosvejamos,</span> <span class='ocrx_word' id='word_1_70' title='bbox 518 1361 608 1419; x_wconf 83' lang='lat' dir='ltr'>etse</span> <span class='ocrx_word' id='word_1_71' title='bbox 629 1356 697 1418; x_wconf 76' lang='lat' dir='ltr'>nao</span> <span class='ocrx_word' id='word_1_72' title='bbox 717 1351 885 1418; x_wconf 84' lang='lat' dir='ltr'>achardes</span> <span class='ocrx_word' id='word_1_73' title='bbox 906 1364 1014 1432; x_wconf 83' lang='lat' dir='ltr'>tanta,</span> <span class='ocrx_word' id='word_1_74' title='bbox 1032 1353 1125 1420; x_wconf 84' lang='lat' dir='ltr'><strong>Deos</strong></span> <span class='ocrx_word' id='word_1_75' title='bbox 1142 1353 1253 1420; x_wconf 87' lang='lat' dir='ltr'>Nosso</span> <span class='ocrx_word' id='word_1_76' title='bbox 1269 1352 1404 1420; x_wconf 89' lang='lat' dir='ltr'>Senhor</span> 
     </span>
     <span class='ocr_line' id='line_1_9' title="bbox 171 1465 1404 1553; baseline 0.002 -22"><span class='ocrx_word' id='word_1_77' title='bbox 171 1469 256 1535; x_wconf 81' lang='lat' dir='ltr'>vola</span> <span class='ocrx_word' id='word_1_78' title='bbox 277 1469 359 1534; x_wconf 75' lang='lat' dir='ltr'>dara</span> <span class='ocrx_word' id='word_1_79' title='bbox 382 1488 427 1534; x_wconf 90' lang='lat' dir='ltr'>na</span> <span class='ocrx_word' id='word_1_80' title='bbox 450 1487 695 1553; x_wconf 75' lang='lat' dir='ltr'>perseveranea</span> <span class='ocrx_word' id='word_1_81' title='bbox 721 1465 765 1532; x_wconf 88' lang='lat' dir='ltr'>de</span> <span class='ocrx_word' id='word_1_82' title='bbox 789 1465 841 1532; x_wconf 90' lang='lat' dir='ltr'>vir</span> <span class='ocrx_word' id='word_1_83' title='bbox 863 1489 945 1552; x_wconf 85' lang='lat' dir='ltr'>pera</span> <span class='ocrx_word' id='word_1_84' title='bbox 968 1473 1025 1547; x_wconf 75' lang='lat' dir='ltr'>ca,</span> <span class='ocrx_word' id='word_1_85' title='bbox 1049 1481 1085 1536; x_wconf 90' lang='lat' dir='ltr'>et</span> <span class='ocrx_word' id='word_1_86' title='bbox 1108 1465 1312 1536; x_wconf 86' lang='lat' dir='ltr'>lembraivos</span> <span class='ocrx_word' id='word_1_87' title='bbox 1335 1487 1404 1552; x_wconf 89' lang='lat' dir='ltr'>que</span> 
     </span>
     <span class='ocr_line' id='line_1_10' title="bbox 168 1581 1403 1669; baseline -0.004 -17"><span class='ocrx_word' id='word_1_88' title='bbox 168 1603 253 1652; x_wconf 83' lang='lat' dir='ltr'>oom</span> <span class='ocrx_word' id='word_1_89' title='bbox 270 1583 315 1650; x_wconf 87' lang='lat' dir='ltr'>tal</span> <span class='ocrx_word' id='word_1_90' title='bbox 331 1585 397 1648; x_wconf 87' lang='lat' dir='ltr'>boa</span> <span class='ocrx_word' id='word_1_91' title='bbox 413 1582 574 1662; x_wconf 79' lang='lat' dir='ltr'>vontade,</span> <span class='ocrx_word' id='word_1_92' title='bbox 592 1583 682 1668; x_wconf 89' lang='lat' dir='ltr'>pello</span> <span class='ocrx_word' id='word_1_93' title='bbox 697 1603 765 1667; x_wconf 90' lang='lat' dir='ltr'>que</span> <span class='ocrx_word' id='word_1_94' title='bbox 780 1603 824 1648; x_wconf 88' lang='lat' dir='ltr'>eu</span> <span class='ocrx_word' id='word_1_95' title='bbox 841 1603 906 1649; x_wconf 89' lang='lat' dir='ltr'>vos</span> <span class='ocrx_word' id='word_1_96' title='bbox 921 1581 1025 1664; x_wconf 81' lang='lat' dir='ltr'>disse,</span> <span class='ocrx_word' id='word_1_97' title='bbox 1043 1605 1115 1652; x_wconf 89' lang='lat' dir='ltr'>sem</span> <span class='ocrx_word' id='word_1_98' title='bbox 1130 1594 1183 1652; x_wconf 87' lang='lat' dir='ltr'>ter</span> <span class='ocrx_word' id='word_1_99' title='bbox 1198 1604 1243 1651; x_wconf 90' lang='lat' dir='ltr'>eu</span> <span class='ocrx_word' id='word_1_100' title='bbox 1264 1583 1403 1669; x_wconf 83' lang='lat' dir='ltr'>alguma</span> 
     </span>
     <span class='ocr_line' id='line_1_11' title="bbox 170 1698 1402 1785; baseline -0.004 -18"><span class='ocrx_word' id='word_1_101' title='bbox 170 1699 401 1768; x_wconf 86' lang='lat' dir='ltr'>authoridade</span> <span class='ocrx_word' id='word_1_102' title='bbox 416 1699 516 1764; x_wconf 85' lang='lat' dir='ltr'>sobre</span> <span class='ocrx_word' id='word_1_103' title='bbox 532 1719 633 1765; x_wconf 83' lang='lat' dir='ltr'>vossa</span> <span class='ocrx_word' id='word_1_104' title='bbox 649 1721 783 1784; x_wconf 85' lang='lat' dir='ltr'>pessoa,</span> <span class='ocrx_word' id='word_1_105' title='bbox 801 1701 907 1767; x_wconf 85' lang='lat' dir='ltr'>sostes</span> <span class='ocrx_word' id='word_1_106' title='bbox 921 1720 997 1766; x_wconf 87' lang='lat' dir='ltr'>com</span> <span class='ocrx_word' id='word_1_107' title='bbox 1014 1707 1177 1784; x_wconf 75' lang='lat' dir='ltr'>quartano</span> <span class='ocrx_word' id='word_1_108' title='bbox 1189 1720 1210 1765; x_wconf 91' lang='lat' dir='ltr'>a</span> <span class='ocrx_word' id='word_1_109' title='bbox 1223 1698 1402 1785; x_wconf 76' lang='lat' dir='ltr'>portugal,</span> 
     </span>
     <span class='ocr_line' id='line_1_12' title="bbox 170 1793 1402 1901; baseline -0.003 -19"><span class='ocrx_word' id='word_1_110' title='bbox 170 1826 209 1882; x_wconf 86' lang='lat' dir='ltr'>et</span> <span class='ocrx_word' id='word_1_111' title='bbox 225 1814 347 1900; x_wconf 87' lang='lat' dir='ltr'>depois</span> <span class='ocrx_word' id='word_1_112' title='bbox 362 1826 522 1892; x_wconf 86' lang='lat' dir='ltr'>sarastes,</span> <span class='ocrx_word' id='word_1_113' title='bbox 540 1812 614 1899; x_wconf 86' lang='lat' dir='ltr'>pois</span> <span class='ocrx_word' id='word_1_114' title='bbox 628 1826 759 1898; x_wconf 85' lang='lat' dir='ltr'>quanto</span> <span class='ocrx_word' id='word_1_115' title='bbox 774 1816 861 1882; x_wconf 79' lang='lat' dir='ltr'>mais</span> <span class='ocrx_word' id='word_1_116' title='bbox 875 1835 983 1901; x_wconf 86' lang='lat' dir='ltr'>agora</span> <span class='ocrx_word' id='word_1_117' title='bbox 997 1835 1060 1900; x_wconf 91' lang='lat' dir='ltr'>por</span> <span class='ocrx_word' id='word_1_118' title='bbox 1075 1793 1286 1892; x_wconf 80' lang='lat' dir='ltr'>obediencia,</span> <span class='ocrx_word' id='word_1_119' title='bbox 1300 1823 1335 1881; x_wconf 89' lang='lat' dir='ltr'>et</span> <span class='ocrx_word' id='word_1_120' title='bbox 1351 1811 1402 1878; x_wconf 92' lang='lat' dir='ltr'>in-</span> 
     </span>
     <span class='ocr_line' id='line_1_13' title="bbox 173 1906 1404 2016; baseline 0 -22"><span class='ocrx_word' id='word_1_121' title='bbox 173 1929 381 1998; x_wconf 87' lang='lat' dir='ltr'>sermidades</span> <span class='ocrx_word' id='word_1_122' title='bbox 401 1935 468 1994; x_wconf 73' lang='lat' dir='ltr'>nao</span> <span class='ocrx_word' id='word_1_123' title='bbox 487 1927 589 1994; x_wconf 88' lang='lat' dir='ltr'>assim</span> <span class='ocrx_word' id='word_1_124' title='bbox 607 1906 761 1996; x_wconf 48' lang='lat' dir='ltr'>severas:</span> <span class='ocrx_word' id='word_1_125' title='bbox 779 1933 907 1998; x_wconf 86' lang='lat' dir='ltr'>Mestre</span> <span class='ocrx_word' id='word_1_126' title='bbox 930 1928 1060 2012; x_wconf 75' lang='lat' dir='ltr'>Simao,</span> <span class='ocrx_word' id='word_1_127' title='bbox 1077 1930 1268 2016; x_wconf 88' lang='lat' dir='ltr'>ponde-vos</span> <span class='ocrx_word' id='word_1_128' title='bbox 1283 1927 1364 2015; x_wconf 79' lang='lat' dir='ltr'>logo</span> <span class='ocrx_word' id='word_1_129' title='bbox 1384 1951 1404 1995; x_wconf 92' lang='lat' dir='ltr'>a</span> 
     </span>
     <span class='ocr_line' id='line_1_14' title="bbox 170 2043 1404 2129; baseline -0.002 -16"><span class='ocrx_word' id='word_1_130' title='bbox 170 2046 348 2126; x_wconf 85' lang='lat' dir='ltr'>caminho,</span> <span class='ocrx_word' id='word_1_131' title='bbox 366 2065 466 2112; x_wconf 88' lang='lat' dir='ltr'>como</span> <span class='ocrx_word' id='word_1_132' title='bbox 482 2043 595 2112; x_wconf 89' lang='lat' dir='ltr'>arriba</span> <span class='ocrx_word' id='word_1_133' title='bbox 610 2049 684 2112; x_wconf 76' lang='lat' dir='ltr'>esta</span> <span class='ocrx_word' id='word_1_134' title='bbox 699 2044 783 2127; x_wconf 87' lang='lat' dir='ltr'>dito,</span> <span class='ocrx_word' id='word_1_135' title='bbox 805 2055 839 2112; x_wconf 82' lang='lat' dir='ltr'>et</span> <span class='ocrx_word' id='word_1_136' title='bbox 862 2053 929 2112; x_wconf 78' lang='lat' dir='ltr'>nao</span> <span class='ocrx_word' id='word_1_137' title='bbox 949 2044 1106 2114; x_wconf 89' lang='lat' dir='ltr'>duvideis</span> <span class='ocrx_word' id='word_1_138' title='bbox 1126 2051 1231 2114; x_wconf 66' lang='lat' dir='ltr'>senio</span> <span class='ocrx_word' id='word_1_139' title='bbox 1251 2064 1320 2129; x_wconf 89' lang='lat' dir='ltr'>que</span> <span class='ocrx_word' id='word_1_140' title='bbox 1340 2065 1404 2114; x_wconf 87' lang='lat' dir='ltr'>nos</span> 
     </span>
     <span class='ocr_line' id='line_1_15' title="bbox 172 2159 1406 2248; baseline -0.003 -19"><span class='ocrx_word' id='word_1_141' title='bbox 172 2181 377 2248; x_wconf 88' lang='lat' dir='ltr'>gozaremos</span> <span class='ocrx_word' id='word_1_142' title='bbox 398 2162 439 2227; x_wconf 77' lang='lat' dir='ltr'>ca</span> <span class='ocrx_word' id='word_1_143' title='bbox 459 2170 556 2227; x_wconf 84' lang='lat' dir='ltr'>tanto</span> <span class='ocrx_word' id='word_1_144' title='bbox 573 2159 619 2226; x_wconf 89' lang='lat' dir='ltr'>da</span> <span class='ocrx_word' id='word_1_145' title='bbox 639 2160 746 2229; x_wconf 86' lang='lat' dir='ltr'>sande</span> <span class='ocrx_word' id='word_1_146' title='bbox 767 2159 940 2247; x_wconf 80' lang='lat' dir='ltr'>espiritual</span> <span class='ocrx_word' id='word_1_147' title='bbox 961 2181 1060 2227; x_wconf 92' lang='lat' dir='ltr'>como</span> <span class='ocrx_word' id='word_1_148' title='bbox 1080 2160 1235 2246; x_wconf 85' lang='lat' dir='ltr'>corporal</span> <span class='ocrx_word' id='word_1_149' title='bbox 1255 2186 1276 2225; x_wconf 83' lang='lat' dir='ltr'>a</span> <span class='ocrx_word' id='word_1_150' title='bbox 1298 2159 1406 2226; x_wconf 84' lang='lat' dir='ltr'>maior</span> 
     </span>
     <span class='ocr_line' id='line_1_16' title="bbox 170 2273 1404 2364; baseline 0 -22"><span class='ocrx_word' id='word_1_151' title='bbox 170 2276 285 2364; x_wconf 84' lang='lat' dir='ltr'>gloria</span> <span class='ocrx_word' id='word_1_152' title='bbox 308 2275 438 2355; x_wconf 90' lang='lat' dir='ltr'>divina,</span> <span class='ocrx_word' id='word_1_153' title='bbox 456 2287 492 2344; x_wconf 88' lang='lat' dir='ltr'>et</span> <span class='ocrx_word' id='word_1_154' title='bbox 514 2275 635 2342; x_wconf 88' lang='lat' dir='ltr'>fiaivos</span> <span class='ocrx_word' id='word_1_155' title='bbox 658 2275 701 2343; x_wconf 90' lang='lat' dir='ltr'>de</span> <span class='ocrx_word' id='word_1_156' title='bbox 724 2273 804 2342; x_wconf 90' lang='lat' dir='ltr'>mim</span> <span class='ocrx_word' id='word_1_157' title='bbox 824 2297 879 2344; x_wconf 89' lang='lat' dir='ltr'>em</span> <span class='ocrx_word' id='word_1_158' title='bbox 904 2276 999 2357; x_wconf 82' lang='lat' dir='ltr'>tudo,</span> <span class='ocrx_word' id='word_1_159' title='bbox 1022 2286 1057 2344; x_wconf 92' lang='lat' dir='ltr'>et</span> <span class='ocrx_word' id='word_1_160' title='bbox 1072 2274 1206 2344; x_wconf 83' lang='lat' dir='ltr'>ficareis</span> <span class='ocrx_word' id='word_1_161' title='bbox 1229 2275 1300 2342; x_wconf 88' lang='lat' dir='ltr'>mui</span> <span class='ocrx_word' id='word_1_162' title='bbox 1320 2295 1404 2342; x_wconf 85' lang='lat' dir='ltr'>eon-</span> 
     </span>
     <span class='ocr_line' id='line_1_17' title="bbox 172 2389 1402 2481; baseline -0.002 -23"><span class='ocrx_word' id='word_1_163' title='bbox 172 2404 270 2462; x_wconf 83' lang='lat' dir='ltr'>tente</span> <span class='ocrx_word' id='word_1_164' title='bbox 286 2414 341 2461; x_wconf 87' lang='lat' dir='ltr'>em</span> <span class='ocrx_word' id='word_1_165' title='bbox 357 2412 379 2458; x_wconf 94' lang='grc' dir='ltr'>ο</span> <span class='ocrx_word' id='word_1_166' title='bbox 394 2392 532 2460; x_wconf 88' lang='lat' dir='ltr'>Senhor</span> <span class='ocrx_word' id='word_1_167' title='bbox 546 2391 672 2458; x_wconf 82' lang='lat' dir='ltr'>Nosso.</span> <span class='ocrx_word' id='word_1_168' title='bbox 691 2392 849 2459; x_wconf 84' lang='lat' dir='ltr'>Estamos</span> <span class='ocrx_word' id='word_1_169' title='bbox 865 2413 924 2459; x_wconf 86' lang='lat' dir='ltr'>aos</span> <span class='ocrx_word' id='word_1_170' title='bbox 946 2392 1032 2459; x_wconf 89' lang='lat' dir='ltr'>doze</span> <span class='ocrx_word' id='word_1_171' title='bbox 1052 2393 1096 2460; x_wconf 90' lang='lat' dir='ltr'>de</span> <span class='ocrx_word' id='word_1_172' title='bbox 1112 2392 1230 2481; x_wconf 89' lang='lat' dir='ltr'>Julho.</span> <span class='ocrx_word' id='word_1_173' title='bbox 1251 2389 1402 2477; x_wconf 87' lang='lat' dir='ltr'>Ignacio.</span> 
     </span>
    </p>
   </div>
   <div class='ocr_carea' id='block_1_4' title="bbox 171 2595 1409 3375">
    <p class='ocr_par' dir='ltr' id='par_1_4' title="bbox 171 2595 1409 3375">
     <span class='ocr_line' id='line_1_18' title="bbox 241 2595 1403 2683; baseline -0.003 -17"><span class='ocrx_word' id='word_1_174' title='bbox 241 2616 297 2666; x_wconf 89' lang='lat'>21.</span> <span class='ocrx_word' id='word_1_175' title='bbox 346 2599 450 2664; x_wconf 88' lang='lat' dir='ltr'>Parte</span> <span class='ocrx_word' id='word_1_176' title='bbox 465 2597 561 2664; x_wconf 77' lang='lat' dir='ltr'>desta</span> <span class='ocrx_word' id='word_1_177' title='bbox 580 2607 675 2664; x_wconf 78' lang='lat' dir='ltr'>carta</span> <span class='ocrx_word' id='word_1_178' title='bbox 692 2596 737 2662; x_wconf 75' lang='lat' dir='ltr'>foi</span> <span class='ocrx_word' id='word_1_179' title='bbox 754 2595 835 2665; x_wconf 84' lang='lat' dir='ltr'>feita</span> <span class='ocrx_word' id='word_1_180' title='bbox 850 2618 906 2663; x_wconf 93' lang='lat' dir='ltr'>em</span> <span class='ocrx_word' id='word_1_181' title='bbox 923 2600 1037 2683; x_wconf 91' lang='lat' dir='ltr'>May0‚</span> <span class='ocrx_word' id='word_1_182' title='bbox 1056 2606 1091 2665; x_wconf 88' lang='lat' dir='ltr'>et</span> <span class='ocrx_word' id='word_1_183' title='bbox 1106 2617 1128 2662; x_wconf 94' lang='lat' dir='ltr'>o</span> <span class='ocrx_word' id='word_1_184' title='bbox 1143 2596 1272 2665; x_wconf 87' lang='lat' dir='ltr'>Sancto</span> <span class='ocrx_word' id='word_1_185' title='bbox 1291 2596 1403 2663; x_wconf 88' lang='lat' dir='ltr'>Padre</span> 
     </span>
     <span class='ocr_line' id='line_1_19' title="bbox 172 2711 1405 2798; baseline -0.003 -18"><span class='ocrx_word' id='word_1_186' title='bbox 172 2735 195 2780; x_wconf 86' lang='lat' dir='ltr'>a</span> <span class='ocrx_word' id='word_1_187' title='bbox 219 2713 322 2782; x_wconf 88' lang='lat' dir='ltr'>devia</span> <span class='ocrx_word' id='word_1_188' title='bbox 342 2714 495 2779; x_wconf 81' lang='lat' dir='ltr'>retardat</span> <span class='ocrx_word' id='word_1_189' title='bbox 517 2733 580 2798; x_wconf 85' lang='lat' dir='ltr'>por</span> <span class='ocrx_word' id='word_1_190' title='bbox 603 2711 778 2779; x_wconf 79' lang='lat' dir='ltr'>examinat</span> <span class='ocrx_word' id='word_1_191' title='bbox 800 2711 886 2778; x_wconf 84' lang='lat' dir='ltr'>mais</span> <span class='ocrx_word' id='word_1_192' title='bbox 910 2724 983 2780; x_wconf 88' lang='lat' dir='ltr'>este</span> <span class='ocrx_word' id='word_1_193' title='bbox 1006 2722 1123 2798; x_wconf 89' lang='lat' dir='ltr'>ponto,</span> <span class='ocrx_word' id='word_1_194' title='bbox 1141 2733 1187 2778; x_wconf 92' lang='lat' dir='ltr'>ou</span> <span class='ocrx_word' id='word_1_195' title='bbox 1209 2733 1271 2797; x_wconf 91' lang='lat' dir='ltr'>por</span> <span class='ocrx_word' id='word_1_196' title='bbox 1286 2721 1405 2778; x_wconf 88' lang='lat' dir='ltr'>outras</span> 
     </span>
     <span class='ocr_line' id='line_1_20' title="bbox 175 2825 1405 2915; baseline -0.004 -19"><span class='ocrx_word' id='word_1_197' title='bbox 175 2830 366 2915; x_wconf 84' lang='lat' dir='ltr'>prudentes</span> <span class='ocrx_word' id='word_1_198' title='bbox 381 2848 536 2907; x_wconf 75' lang='lat' dir='ltr'>famens,</span> <span class='ocrx_word' id='word_1_199' title='bbox 553 2848 622 2912; x_wconf 93' lang='lat' dir='ltr'>que</span> <span class='ocrx_word' id='word_1_200' title='bbox 638 2833 704 2893; x_wconf 73' lang='lat' dir='ltr'>nao</span> <span class='ocrx_word' id='word_1_201' title='bbox 720 2830 807 2894; x_wconf 88' lang='lat' dir='ltr'>acho</span> <span class='ocrx_word' id='word_1_202' title='bbox 822 2827 1033 2907; x_wconf 65' lang='lat' dir='ltr'>declarandas,</span> <span class='ocrx_word' id='word_1_203' title='bbox 1053 2849 1125 2894; x_wconf 85' lang='lat' dir='ltr'>mas</span> <span class='ocrx_word' id='word_1_204' title='bbox 1137 2828 1221 2895; x_wconf 87' lang='lat' dir='ltr'>ellas</span> <span class='ocrx_word' id='word_1_205' title='bbox 1232 2846 1271 2893; x_wconf 87' lang='lat' dir='ltr'>se</span> <span class='ocrx_word' id='word_1_206' title='bbox 1282 2825 1405 2893; x_wconf 74' lang='lat' dir='ltr'>deixao</span> 
     </span>
     <span class='ocr_line' id='line_1_21' title="bbox 174 2941 1407 3030; baseline -0.003 -18"><span class='ocrx_word' id='word_1_207' title='bbox 174 2945 397 3030; x_wconf 78' lang='lat' dir='ltr'>conjecturat</span> <span class='ocrx_word' id='word_1_208' title='bbox 412 2945 457 3009; x_wconf 84' lang='lat' dir='ltr'>do</span> <span class='ocrx_word' id='word_1_209' title='bbox 473 2965 559 3028; x_wconf 90' lang='lat' dir='ltr'>pezo</span> <span class='ocrx_word' id='word_1_210' title='bbox 578 2943 676 3011; x_wconf 87' lang='lat' dir='ltr'>deste</span> <span class='ocrx_word' id='word_1_211' title='bbox 695 2941 854 3029; x_wconf 61' lang='lat' dir='ltr'>negocio</span> <span class='ocrx_word' id='word_1_212' title='bbox 878 2964 924 3009; x_wconf 92' lang='lat' dir='ltr'>no</span> <span class='ocrx_word' id='word_1_213' title='bbox 944 2943 1024 3028; x_wconf 84' lang='lat' dir='ltr'>qual</span> <span class='ocrx_word' id='word_1_214' title='bbox 1047 2964 1068 3009; x_wconf 94' lang='lat' dir='ltr'>o</span> <span class='ocrx_word' id='word_1_215' title='bbox 1092 2943 1221 3012; x_wconf 86' lang='lat' dir='ltr'>Sancto</span> <span class='ocrx_word' id='word_1_216' title='bbox 1244 2952 1362 3009; x_wconf 90' lang='lat' dir='ltr'>tomou</span> <span class='ocrx_word' id='word_1_217' title='bbox 1388 2964 1407 3008; x_wconf 91' lang='lat' dir='ltr'>a</span> 
     </span>
     <span class='ocr_line' id='line_1_22' title="bbox 173 3055 1408 3147; baseline -0.003 -21"><span class='ocrx_word' id='word_1_218' title='bbox 173 3060 296 3126; x_wconf 85' lang='lat' dir='ltr'>ultima</span> <span class='ocrx_word' id='word_1_219' title='bbox 312 3059 490 3143; x_wconf 74' lang='lat' dir='ltr'>resoluoao</span> <span class='ocrx_word' id='word_1_220' title='bbox 508 3080 553 3124; x_wconf 92' lang='lat' dir='ltr'>no</span> <span class='ocrx_word' id='word_1_221' title='bbox 568 3079 642 3124; x_wconf 90' lang='lat' dir='ltr'>mes</span> <span class='ocrx_word' id='word_1_222' title='bbox 658 3059 701 3126; x_wconf 90' lang='lat' dir='ltr'>de</span> <span class='ocrx_word' id='word_1_223' title='bbox 712 3059 831 3147; x_wconf 85' lang='lat' dir='ltr'>Julho,</span> <span class='ocrx_word' id='word_1_224' title='bbox 848 3070 883 3125; x_wconf 87' lang='lat' dir='ltr'>et</span> <span class='ocrx_word' id='word_1_225' title='bbox 900 3060 1008 3127; x_wconf 91' lang='lat' dir='ltr'>sendo</span> <span class='ocrx_word' id='word_1_226' title='bbox 1024 3081 1044 3125; x_wconf 91' lang='lat' dir='ltr'>a</span> <span class='ocrx_word' id='word_1_227' title='bbox 1059 3059 1145 3125; x_wconf 86' lang='lat' dir='ltr'>mais</span> <span class='ocrx_word' id='word_1_228' title='bbox 1165 3070 1260 3125; x_wconf 90' lang='lat' dir='ltr'>carta</span> <span class='ocrx_word' id='word_1_229' title='bbox 1281 3055 1408 3126; x_wconf 87' lang='lat' dir='ltr'>escrita</span> 
     </span>
     <span class='ocr_line' id='line_1_23' title="bbox 172 3171 1409 3262; baseline -0.003 -20"><span class='ocrx_word' id='word_1_230' title='bbox 172 3185 237 3262; x_wconf 75' lang='lat' dir='ltr'>por</span> <span class='ocrx_word' id='word_1_231' title='bbox 253 3197 316 3244; x_wconf 87' lang='lat' dir='ltr'>seu</span> <span class='ocrx_word' id='word_1_232' title='bbox 332 3171 530 3256; x_wconf 84' lang='lat' dir='ltr'>secretario,</span> <span class='ocrx_word' id='word_1_233' title='bbox 548 3184 622 3242; x_wconf 85' lang='lat' dir='ltr'>este</span> <span class='ocrx_word' id='word_1_234' title='bbox 638 3173 871 3242; x_wconf 84' lang='lat' dir='ltr'>additamento</span> <span class='ocrx_word' id='word_1_235' title='bbox 887 3173 936 3242; x_wconf 86' lang='lat' dir='ltr'>foi</span> <span class='ocrx_word' id='word_1_236' title='bbox 953 3175 1033 3241; x_wconf 88' lang='lat' dir='ltr'>todo</span> <span class='ocrx_word' id='word_1_237' title='bbox 1049 3174 1093 3241; x_wconf 86' lang='lat' dir='ltr'>da</span> <span class='ocrx_word' id='word_1_238' title='bbox 1109 3195 1172 3240; x_wconf 89' lang='lat' dir='ltr'>sua</span> <span class='ocrx_word' id='word_1_239' title='bbox 1194 3179 1284 3257; x_wconf 63' lang='lat' dir='ltr'>meo,</span> <span class='ocrx_word' id='word_1_240' title='bbox 1308 3192 1409 3240; x_wconf 91' lang='lat' dir='ltr'>como</span> 
     </span>
     <span class='ocr_line' id='line_1_24' title="bbox 171 3288 1107 3375; baseline -0.003 -17"><span class='ocrx_word' id='word_1_241' title='bbox 171 3312 210 3358; x_wconf 83' lang='lat' dir='ltr'>se</span> <span class='ocrx_word' id='word_1_242' title='bbox 226 3291 370 3357; x_wconf 84' lang='lat' dir='ltr'>adverte</span> <span class='ocrx_word' id='word_1_243' title='bbox 386 3309 433 3357; x_wconf 88' lang='lat' dir='ltr'>no</span> <span class='ocrx_word' id='word_1_244' title='bbox 449 3289 610 3370; x_wconf 88' lang='lat' dir='ltr'>treslado,</span> <span class='ocrx_word' id='word_1_245' title='bbox 628 3289 742 3357; x_wconf 90' lang='lat' dir='ltr'>donde</span> <span class='ocrx_word' id='word_1_246' title='bbox 758 3311 801 3358; x_wconf 91' lang='lat' dir='ltr'>eu</span> <span class='ocrx_word' id='word_1_247' title='bbox 817 3288 897 3375; x_wconf 88' lang='lat' dir='ltr'>aqui</span> <span class='ocrx_word' id='word_1_248' title='bbox 915 3311 935 3355; x_wconf 93' lang='lat' dir='ltr'>a</span> <span class='ocrx_word' id='word_1_249' title='bbox 951 3309 1107 3357; x_wconf 90' lang='lat' dir='ltr'>escrevo.</span> 
     </span>
    </p>
   </div>
   <div class='ocr_carea' id='block_1_5' title="bbox 408 3458 1177 3652">
    <p class='ocr_par' dir='ltr' id='par_1_5' title="bbox 408 3458 1177 3652">
     <span class='ocr_line' id='line_1_25' title="bbox 408 3458 1177 3652; baseline 0.001 -2"><span class='ocrx_word' id='word_1_250' title='bbox 408 3584 549 3650; x_wconf 83' lang='lat' dir='ltr'><strong>PATRI</strong></span> <span class='ocrx_word' id='word_1_251' title='bbox 572 3458 858 3651; x_wconf 53' lang='lat' dir='ltr'>HIERONaYsiiii)</span> <span class='ocrx_word' id='word_1_252' title='bbox 882 3583 1177 3652; x_wconf 87' lang='lat' dir='ltr'><strong>DOMENECCO</strong></span> 
     </span>
    </p>
   </div>
   <div class='ocr_carea' id='block_1_6' title="bbox 621 3713 967 3785">
    <p class='ocr_par' dir='ltr' id='par_1_6' title="bbox 621 3713 967 3785">
     <span class='ocr_line' id='line_1_26' title="bbox 621 3713 967 3785; baseline 0.003 -14"><span class='ocrx_word' id='word_1_253' title='bbox 621 3728 710 3772; x_wconf 75' lang='lat' dir='ltr'>noun</span> <span class='ocrx_word' id='word_1_254' title='bbox 727 3713 760 3769; x_wconf 86' lang='lat'>13</span> <span class='ocrx_word' id='word_1_255' title='bbox 770 3729 848 3782; x_wconf 80' lang='lat' dir='ltr'>Junn</span> <span class='ocrx_word' id='word_1_256' title='bbox 863 3713 932 3785; x_wconf 84' lang='lat'>¹55³</span> <span class='ocrx_word' id='word_1_257' title='bbox 946 3715 967 3772; x_wconf 82' lang='lat'>¹.</span> 
     </span>
    </p>
   </div>
   <div class='ocr_carea' id='block_1_7' title="bbox 177 3831 1409 3995">
    <p class='ocr_par' dir='ltr' id='par_1_7' title="bbox 177 3831 1409 3995">
     <span class='ocr_line' id='line_1_27' title="bbox 177 3831 1409 3904; baseline -0.002 -16"><span class='ocrx_word' id='word_1_258' title='bbox 177 3833 226 3891; x_wconf 77' lang='lat' dir='ltr'>De</span> <span class='ocrx_word' id='word_1_259' title='bbox 238 3834 373 3890; x_wconf 80' lang='lat' dir='ltr'>Antonio</span> <span class='ocrx_word' id='word_1_260' title='bbox 385 3835 422 3889; x_wconf 80' lang='lat' dir='ltr'>de</span> <span class='ocrx_word' id='word_1_261' title='bbox 439 3832 646 3891; x_wconf 69' lang='lat' dir='ltr'>Urbium-De</span> <span class='ocrx_word' id='word_1_262' title='bbox 664 3832 1014 3904; x_wconf 56' lang='lat' dir='ltr'>lidulpho-Litterae,</span> <span class='ocrx_word' id='word_1_263' title='bbox 1032 3834 1061 3887; x_wconf 80' lang='lat' dir='ltr'>si</span> <span class='ocrx_word' id='word_1_264' title='bbox 1078 3833 1259 3888; x_wconf 71' lang='lat' dir='ltr'>Domerrecco</span> <span class='ocrx_word' id='word_1_265' title='bbox 1278 3831 1409 3898; x_wconf 80' lang='lat' dir='ltr'>videtur,</span> 
     </span>
     <span class='ocr_line' id='line_1_28' title="bbox 562 3921 1022 3995; baseline 0.015 -19"><span class='ocrx_word' id='word_1_266' title='bbox 562 3921 682 3995; x_wconf 84' lang='lat' dir='ltr'>Joanm&#39;</span> <span class='ocrx_word' id='word_1_267' title='bbox 702 3921 798 3995; x_wconf 79' lang='lat' dir='ltr'>Vegae</span> <span class='ocrx_word' id='word_1_268' title='bbox 810 3923 1022 3983; x_wconf 67' lang='lat' dir='ltr'>ostendendae.</span> 
     </span>
    </p>
   </div>
   <div class='ocr_carea' id='block_1_8' title="bbox 175 4039 1412 4242">
    <p class='ocr_par' dir='ltr' id='par_1_8' title="bbox 175 4039 1412 4242">
     <span class='ocr_line' id='line_1_29' title="bbox 248 4039 1412 4126; baseline -0.002 -17"><span class='ocrx_word' id='word_1_269' title='bbox 248 4043 500 4110; x_wconf 76' lang='lat' dir='ltr'>palemo-A</span> <span class='ocrx_word' id='word_1_270' title='bbox 517 4042 621 4108; x_wconf 85' lang='lat' dir='ltr'>Mtro.</span> <span class='ocrx_word' id='word_1_271' title='bbox 640 4039 828 4107; x_wconf 90' lang='lat' dir='ltr'>Geronimo</span> <span class='ocrx_word' id='word_1_272' title='bbox 839 4041 1053 4107; x_wconf 88' lang='lat' dir='ltr'>Domenech.</span> <span class='ocrx_word' id='word_1_273' title='bbox 1070 4039 1198 4108; x_wconf 86' lang='lat' dir='ltr'>Primo.</span> <span class='ocrx_word' id='word_1_274' title='bbox 1214 4041 1324 4126; x_wconf 90' lang='lat' dir='ltr'>Sopra</span> <span class='ocrx_word' id='word_1_275' title='bbox 1336 4061 1412 4126; x_wconf 89' lang='lat' dir='ltr'>pre-</span> 
     </span>
     <span class='ocr_line' id='line_1_30' title="bbox 175 4153 1365 4242; baseline -0.002 -20"><span class='ocrx_word' id='word_1_276' title='bbox 175 4170 213 4225; x_wconf 88' lang='lat' dir='ltr'>te</span> <span class='ocrx_word' id='word_1_277' title='bbox 225 4157 382 4226; x_wconf 83' lang='lat' dir='ltr'>Antonio</span> <span class='ocrx_word' id='word_1_278' title='bbox 392 4157 437 4225; x_wconf 89' lang='lat' dir='ltr'>de</span> <span class='ocrx_word' id='word_1_279' title='bbox 453 4155 598 4239; x_wconf 88' lang='lat' dir='ltr'>Urbino,</span> <span class='ocrx_word' id='word_1_280' title='bbox 616 4153 780 4242; x_wconf 85' lang='lat' dir='ltr'>dandogli</span> <span class='ocrx_word' id='word_1_281' title='bbox 795 4153 1036 4222; x_wconf 81' lang='lat' dir='ltr'>informatione</span> <span class='ocrx_word' id='word_1_282' title='bbox 1048 4155 1128 4223; x_wconf 87' lang='lat' dir='ltr'>dell’</span> <span class='ocrx_word' id='word_1_283' title='bbox 1143 4159 1247 4224; x_wconf 85' lang='lat' dir='ltr'>esser&#39;</span> <span class='ocrx_word' id='word_1_284' title='bbox 1262 4176 1326 4222; x_wconf 89' lang='lat' dir='ltr'>suo</span> <span class='ocrx_word' id='word_1_285' title='bbox 1339 4155 1365 4220; x_wconf 85' lang='lat'>¹.</span> 
     </span>
    </p>
   </div>
   <div class='ocr_carea' id='block_1_9' title="bbox 178 4369 1415 4712">
    <p class='ocr_par' dir='ltr' id='par_1_9' title="bbox 178 4369 1415 4712">
     <span class='ocr_line' id='line_1_31' title="bbox 234 4369 1414 4445; baseline -0.003 -17"><span class='ocrx_word' id='word_1_286' title='bbox 234 4375 243 4407; x_wconf 79' lang='grc'><strong><em>’</em></strong></span> <span class='ocrx_word' id='word_1_287' title='bbox 282 4375 327 4428; x_wconf 80' lang='lat' dir='ltr'>Ex</span> <span class='ocrx_word' id='word_1_288' title='bbox 339 4373 442 4428; x_wconf 85' lang='lat' dir='ltr'>codice</span> <span class='ocrx_word' id='word_1_289' title='bbox 457 4371 573 4445; x_wconf 68' lang='lat' dir='ltr'>Rogant.</span> <span class='ocrx_word' id='word_1_290' title='bbox 587 4371 615 4439; x_wconf 78' lang='lat' dir='ltr'>J,</span> <span class='ocrx_word' id='word_1_291' title='bbox 627 4370 679 4431; x_wconf 83' lang='lat' dir='ltr'>fol.</span> <span class='ocrx_word' id='word_1_292' title='bbox 693 4383 775 4442; x_wconf 86' lang='lat' dir='ltr'>101v,</span> <span class='ocrx_word' id='word_1_293' title='bbox 787 4388 865 4427; x_wconf 75' lang='lat' dir='ltr'>vere.</span> <span class='ocrx_word' id='word_1_294' title='bbox 876 4369 979 4430; x_wconf 80' lang='lat'><strong>23-26.</strong></span> <span class='ocrx_word' id='word_1_295' title='bbox 991 4371 1078 4427; x_wconf 87' lang='lat' dir='ltr'>Diem</span> <span class='ocrx_word' id='word_1_296' title='bbox 1090 4370 1211 4442; x_wconf 76' lang='lat' dir='ltr'>mensis,</span> <span class='ocrx_word' id='word_1_297' title='bbox 1219 4387 1279 4443; x_wconf 86' lang='lat' dir='ltr'>quo</span> <span class='ocrx_word' id='word_1_298' title='bbox 1288 4370 1414 4442; x_wconf 78' lang='lat' dir='ltr'>epistola</span> 
     </span>
     <span class='ocr_line' id='line_1_32' title="bbox 178 4456 1415 4534; baseline -0.004 -15"><span class='ocrx_word' id='word_1_299' title='bbox 178 4463 273 4520; x_wconf 72' lang='lat' dir='ltr'>missa</span> <span class='ocrx_word' id='word_1_300' title='bbox 284 4461 351 4534; x_wconf 81' lang='lat' dir='ltr'>fuit,</span> <span class='ocrx_word' id='word_1_301' title='bbox 364 4461 501 4518; x_wconf 77' lang='lat' dir='ltr'>librarius</span> <span class='ocrx_word' id='word_1_302' title='bbox 512 4460 693 4517; x_wconf 77' lang='lat' dir='ltr'>emendavit.</span> <span class='ocrx_word' id='word_1_303' title='bbox 706 4459 832 4516; x_wconf 87' lang='lat' dir='ltr'>Videtur</span> <span class='ocrx_word' id='word_1_304' title='bbox 843 4460 924 4532; x_wconf 87' lang='lat' dir='ltr'>prius</span> <span class='ocrx_word' id='word_1_305' title='bbox 937 4461 1092 4533; x_wconf 76' lang='lat' dir='ltr'>scripsisse</span> <span class='ocrx_word' id='word_1_306' title='bbox 1107 4473 1149 4532; x_wconf 84' lang='lat'>14,</span> <span class='ocrx_word' id='word_1_307' title='bbox 1164 4459 1243 4532; x_wconf 86' lang='lat' dir='ltr'>quod</span> <span class='ocrx_word' id='word_1_308' title='bbox 1256 4459 1286 4514; x_wconf 89' lang='lat' dir='ltr'>in</span> <span class='ocrx_word' id='word_1_309' title='bbox 1301 4456 1334 4514; x_wconf 85' lang='lat'>13</span> <span class='ocrx_word' id='word_1_310' title='bbox 1351 4477 1415 4514; x_wconf 89' lang='lat' dir='ltr'>mu·</span> 
     </span>
     <span class='ocr_line' id='line_1_33' title="bbox 178 4561 1344 4712; baseline -0.003 -13"><span class='ocrx_word' id='word_1_311' title='bbox 178 4561 270 4676; x_wconf 39' lang='lat' dir='ltr'>mit·</span> <span class='ocrx_word' id='word_1_312' title='bbox 284 4641 407 4698; x_wconf 73' lang='lat' dir='ltr'>Antonii</span> <span class='ocrx_word' id='word_1_313' title='bbox 420 4640 458 4697; x_wconf 87' lang='lat' dir='ltr'>de</span> <span class='ocrx_word' id='word_1_314' title='bbox 470 4641 585 4699; x_wconf 85' lang='lat' dir='ltr'>Urbino</span> <span class='ocrx_word' id='word_1_315' title='bbox 597 4640 748 4697; x_wconf 76' lang='lat' dir='ltr'>historiam</span> <span class='ocrx_word' id='word_1_316' title='bbox 762 4651 861 4698; x_wconf 84' lang='lat' dir='ltr'>narrat</span> <span class='ocrx_word' id='word_1_317' title='bbox 874 4643 1056 4712; x_wconf 75' lang='grc' dir='ltr'>ΡοιΑΝουε,</span> <span class='ocrx_word' id='word_1_318' title='bbox 1075 4640 1200 4708; x_wconf 71' lang='grc' dir='ltr'>01ινοη.,</span> <span class='ocrx_word' id='word_1_319' title='bbox 1215 4639 1264 4712; x_wconf 90' lang='lat' dir='ltr'>lV,</span> <span class='ocrx_word' id='word_1_320' title='bbox 1279 4653 1344 4695; x_wconf 63' lang='grc' dir='ltr'>κιο.</span> 
     </span>
    </p>
   </div>
   <div class='ocr_carea' id='block_1_10' title="bbox 0 0 1800 5409">
    <p class='ocr_par' dir='ltr' id='par_1_10' title="bbox 0 0 1800 5409">
     <span class='ocr_line' id='line_1_34' title="bbox 0 0 1800 5409; baseline 0 0"><span class='ocrx_word' id='word_1_321' title='bbox 0 0 1800 5409; x_wconf 95' lang='lat' dir='ltr'> </span> 
     </span>
    </p>
   </div>
  </div>
 </body>
</html>
