3567 5409
436 475 490 531 616
814 473 1022 530 Monurranrn
1040 471 1219 528 Iouerum

400 628 479 695 diis.
493 627 663 715 possimus
690 625 974 695 animaduertere.
1005 625 1223 693 Tantundem
1251 622 1354 690 faciat
1381 633 1497 690 noster
1521 623 1609 692 frater

400 741 624 826 charissimus
646 743 806 811 Petrus'.

469 857 660 926 Literas'ad
677 869 711 925 te
725 869 739 899 ⁸
755 859 866 925 nullas
881 857 1089 943 accepimus,
1107 855 1154 922 mi
1172 857 1287 937 frater,
1302 853 1454 922 amaiori
1465 864 1541 921 natu
1551 853 1608 921 tra·

342 1009 344 1012 ·
403 986 455 1042 tre
470 985 543 1055 tuo,
561 974 620 1059 qui
636 973 734 1040 duxit
750 993 904 1054 uxorem,
922 973 984 1040 sed
1004 982 1139 1039 tanturn
1159 993 1180 1038 a
1200 971 1374 1059 religioso,
1401 991 1485 1056 quas
1504 981 1536 1036 et
1560 969 1608 1035 nbi

402 1089 569 1157 misimus.
585 1089 733 1158 Proinde
745 1087 773 1156 si
785 1087 868 1175 quid
880 1087 965 1156 velis
982 1090 1124 1157 Romam
1139 1087 1240 1168 mitti,
1259 1088 1300 1153 ad
1315 1087 1455 1154 fratrem
1467 1085 1527 1154 erit
1538 1087 1610 1153 lorte

401 1204 635 1273 scribendum.
655 1207 722 1273 Per
737 1227 801 1274 nos
816 1204 901 1271 nihil
916 1205 960 1273 de
976 1214 1035 1272 tua
1047 1205 1259 1291 profectione
1270 1201 1441 1272 Viennam
1453 1197 1608 1270 intellexit.

404 1322 502 1390 Haec
518 1332 552 1388 te
569 1321 729 1408 ignorare
748 1319 856 1401 nolui,
879 1331 916 1388 et
937 1321 1006 1390 tuis
1027 1318 1242 1387 orationibus
1262 1339 1317 1386 me
1335 1317 1515 1405 plurimum
1532 1335 1609 1382 com·

403 1439 539 1505 mendo.
556 1437 644 1507 Vale
659 1436 695 1502 in
710 1436 871 1503 Domino.

473 1571 516 1635 24
529 1551 693 1621 Octobris
714 1567 811 1637 1553.

474 1669 669 1756 Inscriptio.
690 1670 758 1736 Pro
774 1667 958 1736 Francisco
973 1669 1172 1747 Hemerolo,
1188 1667 1356 1734 Viennae.

972 1839 1079 1922 3854

690 1980 832 2050 PATRI
852 1980 1115 2049 LEONARDO
1131 1965 1359 2047 KESSELIO

807 2125 898 2172 notra
911 2126 946 2184 24
958 2124 1116 2170 ocroanxs
1135 2110 1204 2184 1553
1217 2113 1236 2168 ¹.

409 2229 504 2303 Optat
526 2234 559 2284 ut
577 2229 677 2304 postu,
697 2248 774 2301 quae
795 2229 939 2286 Coloniae
957 2233 1135 2301 grassatur,
1152 2228 1314 2284 animabus
1330 2223 1617 2299 saralrdiserarfie

460 2319 572 2389 titteris
581 2319 851 2378 Indiae-Frater
865 2321 1007 2375 Andreas
1021 2319 1164 2376 Linarius
1184 2315 1557 2389 adjuvandae-Quidam
1565 2315 1618 2369 ta·

458 2415 518 2480 pes,
533 2427 554 2463 a
568 2407 703 2465 Kasselio
712 2409 948 2476 commandatur,
958 2400 1100 2463 anianum
1110 2410 1152 2463 ari
1164 2407 1345 2480 religionem
1359 2407 1420 2464 Sti.
1431 2403 1577 2460 Francisai
1583 2403 1619 2459 ui·

459 2499 550 2554 datur
563 2497 890 2568 adjecisse-Litterae
902 2499 944 2554 ad
957 2499 1133 2554 darianum
1149 2501 1438 2553 commemorantur.

476 2623 687 2694 Charissime
704 2625 818 2695 Pater.

474 2739 683 2827 Accepimus
694 2739 810 2808 literas
826 2742 870 2808 V.
891 2743 948 2821 R.,
967 2739 1076 2826 prima
1091 2719 1249 2826 Augusti
1258 2750 1294 2808 et
1310 2739 1352 2806 28
1368 2737 1522 2824 scriptas,
1537 2747 1568 2804 et
1583 2736 1618 2801 de

407 2867 516 2944 peste,
535 2877 623 2941 quae
639 2867 814 2943 grassatur
830 2856 1007 2937 Coloniae,
1025 2855 1266 2923 intelleximus.
1285 2853 1458 2941 Dignatur
1470 2852 1618 2921 Dominus

405 2973 591 3040 salutarem
608 2973 742 3041 efficere
758 2995 834 3042 eam
850 2972 1044 3053 animabus,
1062 2969 1210 3056 quanuis
1226 2969 1429 3057 corporibus
1444 2971 1487 3038 sit
1501 2969 1615 3038 inferta.

408 3088 560 3168 Habeas,
579 3109 719 3173 quaeso,
739 3089 853 3168 Pater,
873 3087 1039 3156 rationem
1056 3085 1277 3166 ualetudinis
1297 3096 1334 3152 ut
1349 3084 1479 3154 diutius
1498 3082 1619 3154 Deoia·

391 3202 540 3272 ⁴seruire
557 3202 664 3290 possit
680 3202 812 3270 solicita
828 3202 978 3270 charitas
995 3213 1066 3273 tua.

476 3321 530 3387 De
550 3318 657 3387 literis
678 3318 794 3388 Indiae
816 3318 935 3388 nescio
955 3342 1001 3387 an
1023 3339 1142 3386 omnes
1162 3317 1330 3404 habeatis:
1354 3317 1484 3386 italicas
1503 3313 1618 3402 quidem

410 3434 580 3522 misimus,
598 3437 659 3502 sed
676 3456 746 3502 non
762 3435 897 3518 latinas;
916 3458 981 3504 nec
997 3436 1088 3505 enim
1107 3446 1218 3502 uacat.

477 3549 566 3618 Cum
596 3549 701 3618 fratre
724 3560 841 3618 nostro
865 3549 1033 3618 Andrea'
1056 3551 1102 3620 V.
1124 3549 1166 3618 R.
1185 3551 1336 3618 humane
1361 3558 1397 3616 et
1423 3557 1567 3616 amanter
1588 3562 1618 3609 se

409 3665 547 3734 habeat.
567 3665 626 3734 Ille
643 3665 869 3732 inconstantis
889 3664 1028 3750 quidem
1049 3664 1187 3735 uidetur
1207 3677 1363 3745 naturae,
1392 3665 1454 3734 sed
1475 3664 1618 3729 bonorum

411 3780 682 3866 desyderiorum,
700 3780 808 3866 etqui
825 3783 927 3862 forte,
945 3781 975 3847 si
990 3779 1105 3848 literas
1121 3767 1289 3864 didicerit,
1307 3781 1351 3849 ad
1367 3774 1617 3847 concionandum

410 3894 558 3964 idoneus
574 3896 618 3962 sit
636 3897 784 3963 futurus.
803 3897 935 3982 Sponte
950 3918 1025 3977 sua,
1043 3917 1114 3965 non
1125 3896 1236 3963 solum
1253 3906 1335 3963 uoto
1350 3917 1389 3963 se
1400 3890 1558 3970 astrinxit,
1569 3884 1619 3953 sed

410 4021 449 4080 et
471 4011 692 4080 donationem
708 4011 791 4080 fecit
810 4012 979 4079 bonorum
999 4033 1140 4079 suorum
1160 4012 1204 4079 ad
1223 4031 1328 4098 opera
1347 4010 1403 4098 pia
1423 4031 1484 4098 pro
1501 3999 1618 4076 arbitrio

412 4126 597 4214 praepositi
618 4127 789 4214 generalis
810 4127 994 4196 Societatis
1014 4140 1162 4210 nostrae;
1188 4138 1223 4196 et
1239 4127 1327 4196 {orte
1344 4126 1508 4196 Dominus
1522 4140 1559 4189 eo
1575 4117 1619 4182 in·

466 4309 481 4338 ⁸
517 4295 631 4350 Literas
644 4311 704 4350 ase
717 4313 773 4354 mr.

465 4446 476 4480 ¹
515 4446 621 4502 Petrus
634 4447 746 4506 Hoetlt.
758 4447 944 4518 Potnncus,
956 4445 1082 4514 Claram,
1096 4447 1147 4516 111,
1163 4449 1227 4516 267.

470 4600 474 4626 ¹
516 4598 559 4652 Ex
573 4599 675 4656 codice
689 4600 807 4673 Regesl.
821 4600 846 4667 I,
862 4599 916 4655 fol.
934 4613 982 4669 45.

468 4692 478 4720 ²
518 4689 636 4743 Andrea
650 4689 777 4744 Linerio.
794 4689 977 4756 Potnncus,
994 4687 1118 4755 Otroia,
1132 4689 1185 4751 lll,
1201 4689 1262 4743 260.
