3567 5409
424 486 475 542 552
797 474 1006 554 norvanum
1024 477 1205 533 lumnam

386 625 523 695 viccerri
537 630 581 697 de
596 628 713 699 Sicilia
729 630 741 665 ⁸
756 628 791 697 in
808 629 960 699 Messian
973 642 1009 699 et
1025 632 1186 701 Palermo
1202 653 1262 719 per
1277 632 1425 719 aggiuto
1437 632 1531 703 delle
1558 652 1619 719 pn·

387 743 504 813 rochie
518 743 553 811 di
569 745 649 829 quel
665 766 785 833 regn03
803 768 859 813 ma
874 746 910 826 li,
929 768 989 833 per
1003 768 1098 815 esser
1112 746 1138 815 li
1152 747 1289 833 collegii
1306 744 1391 815 riohi
1412 758 1449 816 et
1467 750 1565 817 done
1584 746 1617 814 ci

386 858 407 923 e
423 860 554 944 grande
570 880 713 929 numero
728 860 809 930 delli
830 862 952 943 nostri,
974 862 1032 950 piu
1051 862 1247 933 facilmente
1262 872 1448 949 poteuumo
1462 876 1619 935 acuetur

387 975 433 1040 tal
456 987 634 1063 assunpto.
659 977 735 1045 Con
756 988 848 1047 tutto
868 988 993 1065 questo
1013 979 1059 1047 N.
1083 980 1139 1058 Ρ.,
1162 978 1308 1047 inuitato
1328 979 1385 1048 del
1404 980 1562 1067 seruigio
1584 980 1618 1047 d'

386 1088 482 1156 lddio
497 1093 562 1160 che
577 1112 615 1159 se
635 1091 659 1157 li
682 1104 891 1180 representa,
914 1106 950 1162 et
969 1096 1081 1163 anche
1100 1094 1157 1161 del
1178 1092 1347 1163 desiderio
1367 1095 1410 1163 de
1431 1096 1567 1165 seruire
1586 1098 1619 1163 al

388 1205 561 1277 cardinale
575 1218 611 1277 et
626 1232 646 1276 a
663 1207 862 1296 monsignor
877 1208 902 1275 il
917 1207 1047 1277 vicario
1061 1232 1082 1276 a
1098 1210 1208 1298 gloria
1224 1210 1259 1277 d'
1276 1210 1385 1291 iddio,
1407 1213 1429 1278 ὲ
1449 1222 1618 1281 contento

387 1322 421 1386 d'
440 1334 591 1391 accettar
611 1334 734 1410 questo
756 1336 935 1411 assunpto.
961 1328 1020 1395 Ma
1041 1348 1102 1413 per
1123 1326 1157 1393 la
1176 1326 1309 1412 grande
1329 1326 1475 1395 carestia
1493 1329 1564 1396 che
1585 1328 1618 1393 al

389 1452 546 1524 presente
562 1438 745 1507 habbiamo
760 1439 804 1509 de
819 1441 1002 1523 sacerdoti,
1019 1441 1044 1508 li
1059 1462 1142 1529 pare
1157 1441 1234 1511 sert
1250 1442 1447 1510 necessario
1461 1444 1534 1513 che
1548 1464 1617 1510 uno

389 1554 472 1625 deli
487 1555 545 1623 doi
559 1554 729 1626 sacerdoti
744 1558 809 1624 che
824 1578 911 1624 sono
933 1555 969 1625 in
992 1553 1143 1643 Perugia
1164 1558 1253 1624 uada
1273 1558 1307 1624 la
1322 1578 1383 1644 per
1397 1557 1422 1624 il
1438 1568 1612 1645 presente;

387 1672 468 1738 etsi
484 1670 623 1739 intende
639 1672 704 1739 che
716 1670 819 1740 debis
834 1692 929 1741 esser
951 1671 1083 1739 conlui
1105 1674 1165 1739 un'
1189 1674 1276 1739 altro
1296 1673 1385 1743 della
1400 1672 1617 1761 Compagnia

390 1808 452 1873 per
474 1786 685 1873 aggiutarlo,
710 1808 731 1855 o
752 1799 950 1857 ueramente
970 1788 1038 1855 che
1057 1787 1087 1855 si
1108 1787 1215 1855 faccia
1234 1788 1413 1858 sacerdote
1434 1810 1504 1857 uno
1524 1789 1570 1857 de
1590 1789 1614 1854 l'

389 1900 467 1969 altri
484 1904 510 1969 ⁶.
529 1903 572 1969 Et
586 1924 624 1971 se
640 1914 762 1990 questo
778 1906 855 1971 sard
871 1905 974 1971 Mtro.
993 1902 1171 1971 Giouanni
1196 1904 1221 1985 ²,
1245 1903 1414 1986 catalano,
1441 1925 1544 1971 como
1566 1903 1616 1971 sia

384 2037 546 2103 promoso
578 2019 611 2085 al
631 2018 837 2100 sacerdotio,
860 2018 982 2105 potn'a,
1005 2019 1091 2086 oltra
1112 2019 1157 2087 de
1181 2018 1236 2085 dir
1256 2040 1382 2102 messa,
1404 2018 1570 2107 insegnar
1591 2020 1614 2087 li

386 2132 564 2223 giouanni3
583 2154 620 2201 se
636 2155 705 2201 non
721 2133 783 2217 lui,
801 2136 905 2203 Mtro.
929 2132 1077 2202 Michael
1096 2134 1109 2169 ⁸
1131 2135 1222 2202 torsa
1242 2134 1410 2221 potrebbe
1429 2134 1611 2203 ordinarsi.

387 2251 444 2317 Ma
465 2248 500 2316 di
520 2264 644 2337 questo
667 2251 764 2318 basta
788 2253 893 2317 bauer
916 2249 1183 2338 ripresan[ta]to,
1207 2260 1243 2318 et
1267 2250 1288 2315 l'
1312 2250 1465 2319 elezione
1487 2261 1504 2291 ⁸
1526 2251 1614 2319 delle

387 2386 531 2451 persone
548 2366 619 2435 fara
633 2366 677 2434 V.
697 2368 738 2433 R.
756 2365 802 2433 Di
817 2386 885 2452 qua
900 2366 930 2433 si
944 2368 1043 2453 porra
1058 2366 1120 2432 dar
1136 2386 1197 2451 per
1212 2365 1369 2452 aggiuto,
1391 2366 1428 2432 in
1447 2367 1552 2433 locho
1571 2366 1614 2433 de

387 2484 489 2551 Mtro.
507 2481 695 2563 Giouanni,
710 2482 878 2563 catalano,
893 2504 941 2549 un
957 2480 1110 2567 giouani,
1129 2480 1236 2548 molto
1252 2492 1324 2549 atto
1340 2502 1360 2547 a
1374 2482 1491 2569 legere
1502 2482 1536 2549 la
1548 2492 1614 2549 ret·

388 2598 520 2665 toricha
536 2609 570 2667 et
586 2596 739 2666 oratione
754 2596 789 2663 di
806 2596 975 2665 Cicerone
989 2618 1027 2663 se
1042 2594 1202 2683 bisogna,
1218 2606 1254 2662 et
1269 2595 1371 2664 etiam
1384 2596 1611 2683 qualsiuoglia

385 2713 528 2781 lettione
548 2713 583 2780 di
603 2732 722 2801 greco,
748 2723 884 2780 oratore
907 2734 930 2779 o
957 2723 1070 2799 poeta,
1098 2723 1135 2780 et
1160 2710 1264 2780 etiam
1292 2712 1440 2797 qualche
1462 2733 1553 2799 pooo
1578 2714 1612 2779 d'

384 2831 526 2910 hebreo,
551 2850 592 2899 ce
614 2828 799 2915 bisognerd
823 2830 849 2895 ⁰.
877 2828 921 2895 Et
945 2827 1133 2896 ue'dendosi
1155 2826 1379 2915 dispositione
1401 2828 1557 2916 magiore
1578 2826 1612 2895 in

389 2946 548 3035 Perogia,
566 2945 596 3013 si
612 2942 762 3013 sforzari
779 2944 822 3012 N.
841 2946 881 3013 P.
901 2944 945 3013 de
965 2945 1235 3031 correspondere
1254 2945 1299 3011 de
1317 2964 1421 3011 mano
1441 2942 1477 3010 in
1497 2964 1609 3013 mano.

386 3064 430 3129 D’
448 3062 534 3129 altre
549 3082 643 3141 cose,
661 3040 874 3147 apertenenti
891 3082 912 3125 a
927 3059 1040 3145 quella
1055 3079 1172 3145 opera,
1187 3060 1278 3125 torsa
1289 3060 1356 3127 che
1376 3062 1421 3129 V.
1434 3060 1476 3127 R.
1489 3060 1613 3127 nonha

384 3180 515 3246 hauuto
532 3191 630 3265 tropo
650 3176 852 3263 particolare
874 3174 1127 3257 informatione,
1148 3186 1185 3243 et
1199 3196 1262 3261 per
1277 3188 1400 3261 questo
1419 3195 1492 3242 non
1506 3176 1542 3243 la
1556 3174 1609 3242 di.

451 3296 491 3364 Li
507 3294 611 3362 studii
624 3294 681 3363 nel
693 3292 840 3380 collegio
852 3303 971 3361 nostro
981 3290 1011 3357 si
1023 3289 1276 3359 comineiarano
1287 3289 1311 3357 il
1323 3293 1474 3359 secondo
1490 3291 1612 3380 giorno

383 3411 428 3479 de
444 3410 656 3490 Nouembro,
675 3420 712 3477 et
727 3431 786 3496 per
807 3406 922 3494 quello
942 3418 1057 3495 tempo
1076 3428 1225 3473 saranno
1245 3405 1304 3495 gia
1325 3416 1444 3475 tenute
1465 3404 1610 3475 orationi

382 3536 419 3594 et
435 3525 672 3605 conclusione,
690 3544 788 3592 come
802 3526 904 3611 putta
918 3524 963 3591 V.
985 3524 1027 3590 R.
1051 3543 1144 3591 esser
1166 3521 1325 3589 hauisato
1345 3522 1377 3589 al
1399 3534 1514 3610 tempo
1535 3544 1608 3591 suo.

383 3640 446 3709 Fin
474 3663 570 3709 amo
593 3641 622 3707 si
644 3642 749 3728 legge
770 3639 917 3727 qualche
939 3658 1020 3706 cosa
1042 3638 1132 3705 della
1154 3636 1314 3705 dialetica
1336 3648 1372 3705 et
1397 3635 1502 3705 etiam
1524 3639 1610 3707 della

384 3758 526 3845 phisica3
556 3780 611 3825 ma
634 3757 658 3824 li
683 3768 734 3825 tre
757 3754 847 3823 corsi
870 3752 976 3824 exatti
999 3755 1043 3823 de
1066 3755 1210 3838 somole,
1234 3752 1348 3841 logica
1370 3764 1406 3821 et
1429 3753 1561 3842 phisica
1582 3754 1610 3821 si

382 3875 684 3957 comminciarano,
702 3892 803 3939 como
818 3873 864 3937 ho
879 3872 987 3951 detto,
1006 3870 1037 3939 el
1050 3871 1099 3937 2.⁰
1111 3868 1147 3937 di
1159 3870 1372 3939 Nouembro.
1387 3868 1433 3938 Et
1443 3870 1478 3937 di
1489 3884 1610 3957 questo

435 4079 448 4104 ⁸
485 4080 613 4137 elatione
626 4097 682 4135 ms.

436 4268 447 4302 ¹
484 4270 614 4339 Joanues
627 4268 722 4340 Vega.

436 4361 448 4395 ⁰
485 4357 662 4416 «Consensit
684 4358 774 4414 etiam
792 4357 831 4413 Ρ.
850 4354 984 4427 lgnatius
1001 4363 1035 4410 ut
1053 4353 1146 4410 nostri
1164 4368 1317 4412 novum...
1336 4350 1531 4407 saniarium
1548 4366 1608 4423 pre-

380 4448 569 4521 sbyterorum
581 4446 765 4520 adjuvarent,
781 4454 813 4503 et
824 4445 883 4502 duo
896 4461 934 4500 ex
947 4451 1049 4500 nostro
1061 4441 1196 4513 Colleglo
1208 4440 1352 4499 Perusino
1362 4439 1402 4496 ad
1413 4456 1517 4497 mum
1529 4438 1609 4497 inatt-

381 4539 527 4594 tutionem
541 4536 769 4610 promovendam
783 4534 1041 4592 munimentum>
1053 4531 1238 4603 Ponaucus,
1252 4529 1378 4594 caron„
1391 4528 1446 4599 111,
1460 4528 1507 4600 56.

436 4630 446 4662 ²
484 4628 614 4699 joannes
627 4628 704 4699 Blet,
717 4626 756 4683 de
768 4641 827 4700 quo
839 4640 940 4697 supra,
952 4622 1004 4693 lV,
1017 4620 1083 4679 301.
1291 4620 1304 4656 ⁸
1338 4616 1466 4676 nuh-et
1475 4618 1575 4677 Batul.

434 4719 446 4751 ⁹
483 4718 590 4773 Missus
603 4724 702 4772 autem
715 4724 762 4772 est
775 4714 930 4772 Gilbertus
944 4711 1104 4778 Polizinue,
1117 4708 1155 4765 de
1167 4725 1227 4783 quo
1239 4716 1341 4783 postea
1354 4722 1452 4765 serm
1463 4708 1535 4765 erit.
