3567 5409
374 421 429 477 638
755 421 965 481 nonnosum
984 422 1163 479 lenimur

408 580 461 645 De
477 578 586 645 Roma
602 576 644 642 28
666 575 700 642 d'
719 575 871 643 Ottobre
891 589 991 659 1553.

408 693 602 777 Inscriptio.
624 690 669 758 Al
685 690 872 758 medesimo
891 689 1107 782 [comisatio],
1125 690 1161 757 di
1177 703 1296 759 nostro
1314 694 1436 763 Padre.

906 889 1012 971 3866

489 1042 629 1110 PATRI
640 1033 815 1130 JOANNI
832 1038 968 1106 BTAE.
988 1039 1167 1108 VIOLAE
1188 1041 1250 1108 EX
1271 1042 1422 1110 COMM.

742 1185 831 1229 noun
845 1172 879 1230 28
892 1185 1054 1229 ocrottms'
1068 1172 1137 1242 1553
1150 1175 1171 1232 ¹.

337 1295 390 1350 Acl
401 1292 522 1366 Ignatii
534 1308 626 1348 aures
638 1307 790 1363 quaenam
803 1289 1037 1345 lamentationes
1049 1289 1266 1347 tentationem
1278 1294 1315 1346 de
1323 1291 1478 1348 sodalibus
1490 1311 1589 1350 uene·

386 1383 426 1436 tis
436 1381 652 1455 perferuntun,
665 1379 802 1451 exponit·
814 1379 928 1433 harum
940 1395 1066 1434 causam
1080 1380 1193 1450 aperit:
1206 1381 1376 1437 remedium
1389 1383 1543 1456 suggerit.

407 1513 652 1584 informatione
668 1515 733 1582 che
747 1513 838 1580 dano
853 1512 944 1582 delle
958 1532 1040 1580 cose
1054 1515 1111 1580 del
1125 1515 1273 1602 collegio
1288 1516 1332 1584 de
1347 1517 1508 1584 Venetia.

409 1655 641 1726 Primamente
653 1656 699 1725 V.
713 1655 755 1721 R.
770 1652 865 1740 sapia
880 1655 948 1720 che
959 1654 1039 1723 delli
1051 1655 1161 1724 nostri
1173 1643 1295 1723 fretelli
1308 1659 1364 1726 del
1374 1657 1523 1746 collegio
1534 1661 1589 1728 de

343 1773 490 1844 Venetia
508 1792 670 1858 uengono
685 1771 741 1836 all'
759 1769 890 1839 orechii
905 1769 949 1837 de
969 1771 1014 1838 N.
1038 1771 1094 1853 P.,
1116 1793 1186 1839 non
1207 1773 1395 1843 solamente
1415 1776 1589 1846 lementa·

343 1889 439 1970 tioni,
466 1909 522 1954 ma
544 1887 647 1956 etiam
669 1884 854 1952 tentationi-
871 1883 985 1971 graui,
1007 1885 1051 1955 de
1070 1886 1163 1972 quati
1183 1888 1306 1956 alcune
1328 1891 1419 1954 hano
1434 1891 1467 1956 al
1485 1901 1589 1959 tutto

339 2016 467 2073 cauato
484 2006 582 2072 fuora
597 2004 642 2070 de
657 2003 690 2069 lu
704 1999 921 2088 Compagnia
937 2001 1053 2068 alcuni
1069 2003 1189 2084 nostri,
1207 2003 1282 2071 cioe
1302 2003 1440 2096 Giolaln
1463 2006 1589 2093 Bapti-

341 2132 410 2204 sta,
426 2119 637 2208 napolitano,
652 2121 756 2186 Mtr0.
770 2115 923 2186 Gioanni
937 2118 963 2198 ¹,
978 2129 1192 2206 portogesse‚
1207 2121 1355 2189 Morales
1370 2121 1396 2200 ³,
1416 2142 1591 2207 perwer

343 2238 416 2305 loro
431 2239 541 2324 (come
556 2233 648 2322 pare)
665 2253 752 2320 poco
769 2232 860 2301 forti.
878 2233 970 2300 Altri
989 2254 1076 2301 sono
1096 2235 1192 2302 statti
1213 2235 1335 2303 tentati
1355 2237 1523 2304 d'intrare
1545 2237 1586 2304 in
1617 2226 1625 2241 ’

344 2353 431 2420 altre
447 2348 619 2438 religioni,
638 2349 772 2417 bonelli
789 2371 859 2416 non
876 2348 976 2416 siano
994 2349 1094 2417 usciti
1115 2353 1159 2418 de
1178 2351 1211 2417 la
1231 2362 1347 2418 nostra
1367 2353 1587 2434 finalmente,

342 2489 444 2536 come
455 2489 541 2534 sono
556 2465 672 2534 Pietro
686 2465 818 2545 Briton,
835 2468 937 2534 Mtro.
952 2464 1105 2533 Gioanni
1116 2467 1291 2548 Ganbaro,
1305 2467 1455 2536 Gioanni
1469 2470 1588 2537 Anto-

291 2627 294 2632 ·
346 2584 383 2652 ni
399 2585 443 2651 de
459 2586 594 2662 Mauro,
613 2581 755 2650 Thudeo
775 2602 897 2650 senese
915 2581 941 2648 ⁴.
963 2580 1053 2648 Altri
1070 2603 1140 2650 non
1161 2585 1252 2650 hano
1271 2597 1393 2670 poturo
1417 2585 1589 2669 quietarsi

345 2700 380 2767 di
400 2699 448 2782 lu,
472 2720 570 2767 come
588 2696 718 2777 Pietro,
741 2695 908 2777 siciliano,
930 2709 966 2766 et
986 2696 1175 2779 Giouanni,
1198 2699 1393 2780 florentino,
1415 2710 1451 2766 et
1472 2701 1588 2786 prima

343 2815 475 2885 Gianni
491 2814 535 2882 de
550 2814 583 2880 la
599 2812 694 2882 Seta.
714 2793 759 2880 Di
775 2815 877 2881 modo
893 2817 958 2882 che
974 2815 1078 2901 pochi
1093 2836 1182 2882 sono
1197 2818 1263 2882 che
1279 2816 1587 2902 grauisimamente

346 2953 416 3000 non
442 2930 539 2998 siano
559 2929 640 2996 stati
661 2929 796 3010 tentati;
820 2940 856 2998 et
877 2939 975 2997 tanto
994 2932 1062 2999 che
1081 2932 1127 2999 N.
1151 2932 1206 3011 P.,
1230 2933 1393 3000 hauendo
1412 2930 1588 3000 desiderio

342 3049 389 3118 de
404 3046 567 3136 aggiutar
583 3045 710 3133 l'opera
725 3045 760 3112 di
776 3045 924 3132 Venetia
940 3067 1006 3112 con
1020 3047 1181 3115 mandare
1193 3047 1307 3113 alcuni
1319 3047 1485 3134 suppositi
1496 3049 1588 3115 buo-

344 3164 393 3245 ni,
411 3187 481 3232 non
497 3163 520 3228 li
537 3164 634 3230 basta
649 3161 790 3229 l'animo
805 3161 910 3228 insin'
928 3184 949 3230 a
965 3172 1063 3230 tanto
1078 3163 1186 3232 chesi
1204 3163 1290 3230 muti
1302 3164 1327 3230 il
1339 3164 1442 3231 modo
1452 3162 1488 3229 di
1501 3185 1585 3250 pro·

341 3282 468 3350 cedere
483 3288 658 3366 presente.

297 3384 300 3389 ⁸
412 3397 508 3464 Hora
524 3396 556 3462 la
572 3415 676 3461 causa
691 3389 727 3459 di
744 3404 866 3478 queste
882 3393 1064 3462 tentationi
1079 3415 1150 3461 non
1166 3396 1199 3462 la
1214 3387 1459 3465 reterisconoa
1482 3417 1582 3464 mon·

341 3511 463 3600 signor
478 3513 524 3579 N.
543 3513 568 3590 ⁸,
587 3507 644 3575 eui
657 3507 762 3576 ceriti
776 3521 922 3578 senteno
933 3509 1112 3596 singulare
1127 3519 1163 3576 et
1180 3522 1335 3597 paterna,
1354 3534 1409 3579 ma
1424 3512 1483 3599 piu
1500 3534 1579 3599 pre·

342 3637 399 3695 sto
415 3628 447 3694 al
463 3627 566 3694 modo
581 3628 646 3694 che
661 3624 690 3692 si
702 3623 794 3693 tiene
805 3624 850 3693 de
862 3624 1063 3710 prouedersi
1076 3627 1119 3692 de
1132 3636 1222 3694 tutte
1234 3628 1267 3696 le
1278 3642 1362 3695 cose
1374 3629 1583 3710 necessarie,

342 3743 448 3812 etiam
465 3741 618 3823 minime,
637 3741 776 3810 decusa
792 3741 835 3807 de
851 3740 1064 3828 monsignor,
1082 3742 1278 3812 hauendoa
1295 3756 1402 3812 trater
1420 3767 1487 3812 con
1506 3767 1585 3812 ser·

346 3857 451 3926 uitori
467 3857 627 3937 seculari,
644 3867 680 3924 et
695 3878 767 3923 non
783 3877 822 3923 so
838 3866 969 3941 quanto
983 3855 1143 3925 beneuoti
1159 3879 1180 3924 a
1196 3857 1220 3923 li
1236 3858 1342 3926 nostri
1358 3874 1395 3928 et
1410 3860 1503 3927 fideli
1514 3861 1587 3928 atto

307 4035 312 4049 ,
344 3975 471 4042 istesso
485 3971 700 4059 monsignor,
715 3972 806 4040 doue
818 3971 1014 4058 procedono
1024 3971 1149 4059 disagii
1161 3973 1283 4060 grandi
1296 3985 1332 4041 et
1343 3973 1585 4059 discomodits,

344 4108 445 4156 como
457 4092 555 4175 potri
568 4089 613 4154 V.
628 4088 669 4155 R.
685 4087 814 4155 uedere
826 4107 888 4174 per
899 4086 1012 4172 questi
1024 4085 1258 4157 informationi
1270 4091 1337 4158 che
1349 4089 1409 4175 qui
1423 4093 1584 4159 mando‘.

400 4291 408 4324 ¹
447 4291 491 4346 Ex
503 4289 605 4346 codice
621 4289 740 4362 Regest.
756 4290 780 4354 t,
796 4287 846 4348 iol.
861 4301 928 4360 47v.
943 4291 1119 4363 Scriptionis
1132 4302 1250 4364 tempus
1267 4303 1384 4351 constat
1398 4311 1436 4350 ex
1455 4295 1591 4367 epistola

342 4379 494 4453 sequenti,
508 4397 576 4435 nam
590 4378 678 4435 simul
692 4396 760 4434 cum
773 4379 823 4435 ills
836 4377 926 4435 misse
938 4377 995 4436 tuit
1007 4381 1081 4436 haec
1094 4381 1260 4440 instructio.

399 4474 410 4504 t
1134 4471 1147 4506 3

400 4562 411 4594 ⁴
448 4467 629 4614 iiraaliiiizseg:
639 4468 791 4616 ixioni.
1138 4563 1150 4597 ⁸
1183 4473 1551 4635 fflfflffizm

400 4651 413 4682 ⁶
449 4647 525 4704 Vide
538 4648 693 4721 epistolam
706 4655 892 4721 sequentem.
