3567 5409
812 492 1020 548 Mouuuaura
1039 492 1219 548 quuauua

970 684 1061 765 auu
1125 683 1127 686 ’

626 822 765 891 PATRI
794 824 1080 893 HIERONYMO
1104 824 1401 893 DOMENECCO

802 968 891 1011 noua
908 968 941 1011 ιο
953 967 1111 1013 ocromus
1127 938 1196 1026 ¹35³
1208 958 1228 1011 ¹.

405 1073 443 1131 Ut
452 1075 653 1129 sacerdotium
665 1072 746 1130 Stoa.
762 1072 884 1128 Mariae
900 1075 936 1129 de
948 1072 1060 1145 Crypto
1067 1073 1288 1145 panormitano
1296 1072 1423 1145 collegio
1436 1076 1609 1140 annectatur,

455 1164 629 1235 requiritur
642 1162 729 1217 aliud
741 1163 911 1233 exemplum
927 1162 1103 1218 caesariani
1119 1179 1321 1218 consensum·
1327 1162 1505 1217 Bernartius
1518 1164 1556 1216 ud
1562 1169 1609 1235 po·

454 1253 560 1315 trium,
574 1250 760 1306 valetudinis
772 1268 875 1315 curua,
890 1250 1222 1307 rediturae-Soada
1239 1252 1281 1306 od
1298 1252 1507 1323 nauigandum
1523 1252 1554 1304 iu
1569 1252 1609 1307 si·

454 1342 559 1397 cilium
569 1340 678 1412 parati
696 1340 983 1398 suut.-Domioiliu
1002 1340 1162 1397 societatis
1177 1358 1310 1396 romanu
1323 1341 1417 1412 plenu
1433 1341 1608 1399 sociorum.-

457 1430 561 1486 Laiuii
573 1430 704 1487 litterae.

469 1551 543 1616 Pax
559 1546 703 1615 Christi.

469 1669 500 1733 A
517 1665 538 1730 l'
556 1663 675 1732 ultime
691 1664 734 1733 de
751 1666 793 1732 V.
810 1667 853 1736 R.
867 1667 913 1732 ho
926 1667 1013 1731 fatto
1026 1675 1190 1751 resposta.
1206 1665 1373 1750 Questae
1389 1686 1450 1750 per
1461 1663 1531 1731 dire
1541 1664 1607 1743 che,

400 1802 462 1867 per
477 1782 633 1867 espedire
649 1782 682 1847 la
698 1780 949 1867 supplicatione
963 1792 999 1851 et
1014 1782 1105 1847 bolla
1124 1782 1213 1848 della
1236 1779 1362 1848 unione
1384 1779 1473 1849 della
1488 1777 1609 1845 abbatia

399 1898 444 1965 de
460 1906 559 1964 santa
580 1896 688 1966 Maria
712 1898 801 1966 della
821 1895 959 1978 Grotta‚
981 1899 1126 1966 sarebbe
1147 1894 1337 1964 nessesaria
1354 1900 1412 1963 un'
1429 1899 1511 1963 altra
1525 1894 1609 1981 copia

357 2080 359 2086 .
399 2012 455 2079 del
471 2035 640 2081 consenso
656 2014 777 2081 desua
793 2015 924 2081 maesti
942 2015 967 2094 ³,
986 2013 1112 2099 perche
1125 2014 1148 2079 l’
1164 2013 1290 2082 unione
1307 2013 1326 2080 ὲ
1341 2012 1386 2079 de
1405 2033 1468 2079 suo
1478 2031 1608 2078 consen·

400 2150 450 2196 so.
470 2130 514 2196 V.
535 2130 576 2195 R.
595 2150 740 2215 procuro
755 2131 799 2197 de
815 2131 1002 2195 mandarla.

467 2245 513 2312 Al
531 2246 569 2311 Ρ.
591 2248 692 2312 Mtro
720 2246 897 2313 Bernardo
912 2247 925 2279 ³
942 2246 963 2313 ὁ
982 2243 1176 2313 necessario
1200 2246 1364 2314 mandare
1385 2246 1419 2311 al
1440 2243 1544 2329 pauo,
1560 2242 1608 2328 gii

399 2362 467 2428 che
483 2358 512 2426 si
530 2371 628 2427 troua
643 2360 678 2426 in
695 2361 815 2441 Roma,
833 2372 868 2429 et
886 2382 955 2427 uno
971 2363 1036 2428 che
1052 2362 1085 2427 lo
1101 2382 1202 2428 serua
1219 2380 1278 2447 per
1294 2360 1354 2440 lui,
1379 2372 1415 2428 et
1435 2359 1464 2426 si
1484 2360 1551 2426 fari
1568 2358 1609 2423 ira

403 2485 454 2543 tre
471 2496 492 2541 o
508 2487 631 2559 quatro
646 2476 680 2541 di
697 2496 798 2542 como
814 2468 934 2563 pens'o.

466 2591 517 2657 La
532 2602 637 2677 gente
654 2592 720 2657 che
735 2590 765 2657 si
788 2592 876 2661 deue
898 2592 1040 2659 mundar
1062 2613 1122 2679 per
1142 2590 1258 2660 Sicilia
1279 2591 1297 2659 ὲ
1318 2590 1353 2657 in
1375 2590 1509 2672 ordine3
1530 2608 1578 2655 ma
1590 2587 1610 2651 il

341 2756 345 2763 .
400 2702 527 2772 uiatico
543 2708 609 2775 che
626 2708 669 2774 V.
688 2708 730 2774 R.
751 2708 887 2788 mando,
907 2728 927 2773 a
943 2708 1046 2775 fatica
1062 2707 1108 2773 mi
1124 2730 1206 2794 pare
1226 2708 1325 2774 basto
1344 2728 1405 2793 per
1421 2708 1567 2773 condure
1579 2702 1608 2767 in

399 2842 468 2905 qua
484 2820 508 2887 li
524 2822 675 2889 mandati
692 2823 735 2888 da
752 2823 807 2891 lei.

467 2934 599 3004 Stiamo
614 2938 649 3004 in
667 2940 774 3005 Roma
790 2939 880 3007 nella
896 2959 976 3005 casa
991 2954 1026 3005 et
1043 2939 1191 3025 collegio
1206 2938 1298 3026 pieni
1313 2940 1490 3027 degente.
1506 2936 1609 3004 Dioce

398 3052 546 3139 aggluti.
567 3054 614 3119 La
632 3052 790 3141 maggior
814 3064 912 3140 parte
932 3054 951 3121 ὲ
974 3054 1018 3121 de
1043 3054 1231 3136 forastieri,
1257 3056 1324 3123 che
1347 3076 1416 3120 non
1437 3058 1521 3119 sano
1534 3051 1610 3117 bene

400 3168 432 3233 la
448 3179 461 3208 ¹
477 3168 597 3253 lingua
611 3168 762 3235 italiana.

467 3282 538 3369 Qui
554 3286 678 3351 mando
695 3296 788 3353 certe
804 3285 925 3353 lettere
940 3286 996 3351 del
1015 3288 1053 3352 Ρ.
1073 3288 1176 3353 Mtro.
1196 3286 1347 3372 Laynez.

467 3398 562 3465 Tutti
580 3398 635 3465 all’
653 3398 799 3466 orationi
814 3400 850 3465 di
866 3401 910 3469 V.
929 3402 970 3467 R.
990 3402 1095 3467 molto
1111 3400 1143 3466 ci
1160 3400 1468 3469 raccomandiamo

467 3514 510 3582 Di
527 3516 636 3581 Roma
656 3532 695 3583 10
710 3514 745 3581 di
762 3516 909 3586 Ottobre
930 3533 1026 3601 1553.

466 3632 661 3717 Inscriptio.
681 3629 714 3695 A
729 3632 891 3713 Massiua,
910 3654 930 3699 a
946 3636 1048 3700 Mtro.
1064 3633 1265 3701 Hieronimo
1277 3636 1491 3702 Domenech.

399 3770 614 3783 ——

453 3852 467 3879 ι
503 3837 531 3892 le
545 3854 600 3891 ms.

454 4033 461 4063 ¹
500 4032 544 4086 Ex
556 4032 657 4087 codice
671 4033 789 4105 Regest.
805 4033 830 4097 Ι,
842 4032 892 4088 fol.
908 4030 973 4103 39v.

453 4124 464 4155 ¹
502 4120 624 4177 Carolus
638 4122 674 4175 V.

452 4210 463 4241 ³
500 4209 665 4266 Bernardus
679 4208 840 4283 oliverius,
854 4210 947 4285 quiin
967 4212 1102 4282 Belgium
1119 4210 1168 4267 die
1186 4222 1219 4266 12
1237 4209 1377 4269 Octobris
1395 4212 1539 4284 protectus
1559 4209 1605 4259 αἱ·

399 4296 476 4356 Vide
488 4300 642 4372 epistolam
656 4311 841 4372 sequentem.
