3567 5409
791 479 998 535 Mosconnum
1017 477 1195 533 lumnam

943 686 1035 767 3718

573 828 714 895 PA'rm
738 827 941 897 cussum
963 784 1145 899 nmmo
1170 828 1407 897 exectum.

756 982 844 1026 noua
863 983 880 1025 2
899 982 1095 1026 sumsusms
1117 968 1185 1040 1553
1204 970 1225 1030 ¹.

440 1106 485 1161 Da
497 1098 624 1179 epistota
637 1104 987 1177 superiora-Dubium
995 1107 1140 1176 proponit
1158 1106 1196 1162 do
1208 1104 1370 1162 reservatis
1380 1105 1536 1178 fructibus

876 1195 1094 1267 percipiendis.

442 1334 514 1398 Pax
530 1328 672 1399 Christi.

442 1447 556 1533 Quell’
578 1447 664 1513 altra
688 1448 794 1514 letera
815 1447 926 1533 'pare
946 1467 967 1512 a
988 1447 1032 1514 N.
1056 1447 1098 1514 P.
1121 1446 1151 1513 si
1171 1446 1289 1513 mostri
1310 1470 1331 1513 a
1351 1447 1548 1535 monsignor
1572 1449 1597 1515 il

371 1563 496 1650 priore3
516 1574 550 1631 et
567 1564 654 1629 oltra
669 1563 702 1629 la
713 1582 818 1629 causa
833 1562 867 1627 di
883 1560 961 1629 finir
976 1560 999 1629 il
1016 1560 1143 1643 studio,
1160 1564 1226 1629 che
1240 1561 1269 1629 si
1281 1561 1358 1629 dica
1368 1561 1391 1628 l'
1406 1564 1494 1631 altra
1507 1576 1601 1631 sotto

371 1679 395 1746 il
411 1690 545 1748 secreto
561 1677 691 1759 debit0;
709 1680 774 1745 che
789 1677 872 1764 ogni
888 1698 969 1745 cosa
983 1676 1013 1744 si
1029 1676 1098 1765 puo
1109 1678 1421 1747 confidentemente
1443 1680 1593 1747 comuni-

371 1816 429 1864 car
445 1816 511 1861 con
528 1795 566 1863 S.
585 1793 688 1875 Sria,
707 1806 742 1861 et
757 1794 874 1860 alhora
889 1796 988 1880 potra
1003 1791 1051 1859 lui
1072 1792 1250 1879 giudicare
1271 1794 1409 1881 meglio,
1427 1793 1457 1862 si
1476 1795 1594 1863 debbia

370 1921 479 1981 restar
495 1932 516 1976 ο
532 1930 590 1979 n0.

438 2026 517 2094 Non
533 2024 743 2093 intendiamo
759 2025 847 2093 bene
868 2046 907 2093 sc
928 2026 973 2093 V.
996 2026 1038 2092 R.
1062 2024 1202 2094 intende
1222 2024 1289 2093 che
1315 2025 1374 2092 noi
1393 2024 1555 2113 pigliamo
1573 2028 1595 2094 il

369 2162 514 2229 posseso
530 2141 577 2207 dil
592 2140 738 2226 collegio
752 2139 787 2207 di
805 2140 922 2207 Padoa
941 2139 1034 2206 circa
1054 2139 1088 2207 lo
1109 2140 1273 2227 essigiere
1294 2141 1329 2208 di
1350 2142 1465 2229 quella
1485 2162 1595 2210 mezza

368 2267 465 2345 parte
481 2258 524 2325 de
541 2256 638 2323 frutti
659 2266 835 2325 reseruata
849 2256 881 2323 al
893 2256 981 2322 Rdo.
995 2254 1210 2343 monsignor,
1225 2256 1327 2342 quale
1341 2256 1447 2343 piglia
1463 2258 1595 2345 propria

369 2371 591 2452 authoritate,
609 2393 631 2438 o
648 2392 729 2439 uero
745 2369 781 2437 di
797 2371 888 2456 quel'
906 2371 993 2437 altra
1012 2392 1130 2439 mezza
1149 2381 1258 2458 parte,
1274 2374 1340 2439 che
1356 2372 1448 2439 nella
1462 2374 1553 2440 bolla
1568 2373 1594 2440 si
1610 2442 1613 2448 ,

368 2488 411 2556 ἀὲ
425 2488 491 2556 alla
507 2486 736 2574 Compagnia,
754 2498 789 2555 et
805 2488 851 2556 N.
871 2487 912 2556 Ρ.
935 2507 995 2573 per
1009 2508 1078 2554 una
1090 2507 1151 2553 sua
1168 2498 1308 2574 patente
1320 2488 1353 2555 lo
1367 2490 1460 2557 lassa
1474 2489 1593 2559 libera-

368 2614 484 2673 mente
500 2627 520 2672 a
536 2604 631 2671 detto
646 2602 858 2689 monsignor.
878 2603 951 2668 Ben
968 2603 988 2669 ὁ
1005 2622 1087 2669 uero
1103 2604 1168 2670 che
1180 2614 1301 2687 questa
1313 2624 1431 2671 mezza
1445 2626 1517 2671 non
1530 2607 1601 2691 puo-

368 2718 492 2807 pigliar
512 2718 712 2807 monsignor
735 2740 774 2786 se
801 2740 869 2785 non
897 2716 1134 2804 procuratorio
1160 2717 1311 2787 nomine.
1338 2720 1404 2787 Del
1424 2730 1520 2787 resto
1541 2720 1594 2786 noi

354 2834 477 2932 ,siano
495 2834 530 2901 in
546 2833 765 2921 possessione
781 2831 956 2919 spirituale
971 2843 1007 2901 et
1024 2835 1222 2920 temporale,
1236 2845 1271 2901 et
1282 2856 1353 2901 non
1365 2834 1522 2921 sapiamo
1534 2838 1595 2904 che

367 2950 566 3037 possesione
594 2949 622 3016 si
648 2946 797 3034 manchi:
821 2950 945 3035 puotra
966 2970 1028 3035 per
1051 2949 1083 3015 le
1103 2948 1211 3036 prime
1237 2949 1402 3018 informor
1432 2952 1477 3019 V.
1497 2954 1542 3018 R.
1562 2950 1614 3043 di·

367 3067 448 3153 qual
470 3066 571 3133 modo
595 3065 793 3146 intendan03
818 3075 854 3131 et
875 3064 912 3130 in
940 3074 1063 3150 questo
1083 3086 1213 3146 mezzo,
1236 3087 1273 3133 se
1293 3065 1411 3134 veniri
1440 3066 1463 3131 il
1487 3062 1597 3134 Padre

365 3184 436 3249 don
452 3180 610 3272 Elpi[di]o
627 3182 652 3261 ³,
672 3183 769 3268 potr&
785 3200 850 3246 con
862 3179 911 3246 lui
923 3179 1103 3248 conferire.
1185 3246 1189 3253 ,

433 3299 512 3365 Non
528 3298 628 3379 altro,
646 3316 769 3362 senon
785 3316 910 3383 pregar
926 3317 946 3362 a
962 3297 1045 3383 Jesu
1062 3293 1123 3363 Χ.ο
1144 3311 1262 3362 nostro
1282 3294 1422 3383 signore
1436 3296 1488 3363 sia
1508 3318 1597 3365 sem-

333 3420 334 3425 ’
365 3436 426 3501 pre
442 3412 477 3479 in
493 3413 639 3499 aggiuto
655 3423 689 3479 et
707 3412 804 3478 fauor
819 3411 862 3477 de
879 3410 971 3477 tutti.
996 3412 1121 3479 Amen.

432 3525 478 3597 Di
495 3529 603 3596 Roma
619 3546 638 3593 2
655 3528 699 3594 de
715 3527 910 3596 Settembre
930 3542 1027 3611 1553.

433 3646 476 3711 In
492 3638 658 3731 margine
674 3643 764 3709 nihil
776 3649 825 3709 est
835 3644 1015 3729 scriptum.

419 3832 427 3865 ¹
466 3832 511 3887 Ex
523 3831 625 3887 codice
640 3832 758 3905 Regost.
774 3830 797 3898 1,
813 3828 863 3885 iol.
878 3843 939 3885 zor.

418 3924 430 3957 ¹
468 3920 591 3977 Scilicet
604 3920 736 3993 superior
748 3919 883 3991 epistola.

420 4012 431 4045 ³
469 4010 788 4083 ElpidiusUgolettus.
