3567 5409
413 449 467 521 478
793 446 1001 505 Monnur'nra
1020 448 1200 504 lanariam

314 608 318 614 '
373 602 469 670 nello
484 610 649 687 aspettar‚
669 600 795 688 perche
811 610 1053 668 comunmente
1069 600 1087 667 ὲ
1104 599 1226 669 adesso
1242 610 1358 687 tempo
1377 600 1421 669 de
1436 599 1604 681 uacantie,

373 726 413 785 et
433 717 470 784 in
493 728 616 802 questo
639 736 756 783 mezzo
783 716 1005 785 rihauerrano
1030 718 1063 785 le
1090 716 1180 784 forse
1206 715 1231 781 li
1257 715 1365 783 nostri
1391 717 1451 804 pid
1479 717 1605 784 intera·
1732 743 1734 774 ι

373 843 505 902 mente.

443 948 510 1017 Noi
527 948 651 1016 stiamo
667 948 741 1015 sani
759 956 825 1036 per·
833 949 865 1016 la
880 947 999 1015 diuina
1010 948 1133 1037 gratia,
1150 958 1186 1014 et
1201 946 1530 1017 ciracoomandamo
1544 947 1606 1014 alle

378 1063 534 1133 oratione
561 1066 605 1131 de
633 1066 678 1135 V.
702 1067 743 1133 R.
767 1074 803 1133 et
822 1064 866 1133 de
889 1064 912 1131 il
933 1062 1045 1132 Padre
1064 1063 1305 1145 commissario,
1325 1086 1364 1132 se
1384 1066 1406 1132 ὲ
1426 1074 1563 1131 tornato
1583 1063 1604 1143 ‘,

373 1191 413 1249 ct
428 1180 484 1251 del
503 1182 542 1248 P.
564 1182 668 1248 Mtro.
686 1182 831 1249 Cessare
852 1180 864 1215 ⁵
881 1177 1025 1249 insieme
1039 1201 1105 1250 con
1123 1178 1203 1248 tutti
1218 1179 1242 1245 li
1255 1180 1378 1249 fratelli
1394 1179 1518 1249 nostri.

444 1294 503 1365 Sia
515 1298 600 1385 Jesd
617 1295 681 1363 X.⁰
698 1296 778 1363 nell'
796 1294 917 1383 agiuto
930 1305 966 1363 et
980 1294 1079 1363 fauor
1094 1306 1226 1364 nostro.
1243 1297 1371 1365 Amen.

444 1414 497 1479 De
513 1414 624 1479 Roma
645 1412 684 1479 16
699 1412 744 1479 de
756 1402 953 1480 Settembr'e
974 1426 1070 1495 1553.

445 1528 615 1595 Parlando
633 1525 866 1596 ultimamente
882 1544 946 1593 con
964 1528 1008 1594 N.
1030 1527 1069 1593 P.
1087 1526 1111 1592 li
1128 1548 1210 1613 pare
1226 1530 1303 1608 che,
1322 1526 1523 1595 trouandosi
1537 1548 1605 1595 me·

371 1642 450 1731 ³glio
467 1644 511 1711 V.
531 1644 572 1709 R.
591 1656 625 1711 et
647 1662 716 1709 non
737 1642 898 1711 hauendo
918 1641 1061 1709 uolunta
1084 1644 1119 1707 d'
1137 1644 1244 1709 andar
1264 1644 1296 1709 al
1319 1644 1449 1729 hagno,
1475 1655 1605 1730 tempo-

376 1758 473 1846 regie
489 1768 610 1843 questa
630 1758 811 1826 inuemata
826 1768 861 1825 et
878 1757 1061 1827 uederemo
1077 1778 1175 1825 come
1190 1757 1406 1827 sinuouera.

443 1876 642 1961 Inscriptio.
661 1875 695 1941 A
713 1874 874 1954 Modena,
893 1874 936 1940 P.
960 1877 1063 1942 Mtro.
1082 1873 1248 1941 Adriano.

938 2070 1042 2153 3749

624 2218 782 2288 PATRI
814 2222 1119 2291 FRANCISCO
1154 2222 1357 2290 PALMlO

772 2366 860 2411 nona
880 2354 915 2410 16
935 2366 1131 2411 sanamus
1146 2352 1215 2425 ¹55³
1232 2357 1253 2413 ¹.

410 2453 456 2509 Dc
481 2453 548 2507 viro
573 2452 680 2507 idoneo
705 2454 747 2509 od
771 2452 967 2509 litteratoriam
991 2454 1115 2508 domum
1135 2452 1416 2513 destinando-De
1438 2454 1572 2509 incitam

910 2542 1073 2601 mamete.

447 2661 518 2727 Pax
535 2657 592 2727 X.i

445 2776 512 2843 Per
528 2776 641 2860 quella
656 2776 701 2845 de
716 2776 736 2841 8
753 2774 787 2840 di
805 2774 998 2845 Settembre
1018 2776 1107 2843 della
1128 2776 1170 2843 R.
1194 2776 1237 2843 V.
1263 2774 1448 2843 habbiamo
1467 2774 1604 2843 uistola

371 2888 555 2978 diligentia
572 2903 671 2959 usata
687 2890 722 2957 in
739 2910 856 2959 carcar
872 2891 953 2976 quel
968 2890 1172 2977 archiprete,
1191 2911 1214 2957 o
1227 2912 1311 2958 uero
1323 2910 1472 2977 persona
1482 2890 1605 2958 idonea

378 3026 439 3095 per
460 3008 588 3077 esserlo
614 3006 705 3075 nella
732 3017 849 3074 nostra
871 3010 997 3074 Donna
1023 3008 1067 3074 de
1094 3009 1246 3076 Loretto.
1277 3008 1334 3074 Ma
1364 3006 1520 3075 tredendo
1544 3008 1604 3073 che

379 3120 421 3189 V.
449 3124 491 3190 R.
509 3119 687 3211 pigli[a]ua
710 3134 824 3209 tempo
841 3143 902 3209 per
923 3122 956 3188 la
977 3120 1189 3202 risolutione,
1212 3143 1282 3189 non
1307 3120 1469 3189 habiamo
1490 3122 1604 3189 uoluto

259 3244 262 3251 '
377 3238 488 3325 parlar
509 3240 541 3305 al
563 3237 715 3305 cardinal
736 3236 749 3273 ¹
770 3236 871 3305 insin'
898 3259 919 3303 a
940 3247 1036 3305 tanto
1057 3238 1123 3305 che
1144 3237 1177 3304 ci
1198 3238 1312 3305 scriua
1338 3238 1372 3304 la
1392 3240 1435 3305 R.
1460 3240 1503 3306 V.
1527 3258 1604 3305 cosa

378 3352 532 3423 risoluta.

442 3470 544 3536 Circa
567 3470 646 3557 quel
669 3470 847 3539 sacerdote
868 3480 1073 3557 portugesse
1094 3470 1120 3550 ⁸,
1145 3469 1233 3538 uista
1253 3471 1287 3537 la
1308 3491 1373 3537 sua
1387 3467 1601 3545 discretione,

376 3604 504 3673 pareua
525 3585 755 3655 conueniente
775 3584 953 3667 animatio,
971 3585 1093 3672 poiche
1114 3585 1207 3652 tiene
1230 3584 1411 3666 beneficio,
1435 3608 1455 3653 a
1475 3582 1603 3653 studiat

378 3720 425 3768 un
452 3710 567 3788 tempo
594 3723 614 3769 a
635 3720 736 3788 spese
756 3724 831 3783 sue,
854 3722 920 3788 pur
943 3701 1020 3769 fuor
1035 3702 1123 3767 della
1143 3698 1371 3788 compagum,
1389 3710 1425 3769 et
1443 3700 1603 3769 faccendo

430 3924 442 3966 s
474 3922 502 3977 ci
515 3924 531 3978 ὲ
545 3930 662 3979 tronato
677 3940 732 3980 ms.

429 4131 440 4165 ⁸
477 4128 588 4186 Caesar
601 4130 749 4201 Halmius,
763 4127 864 4185 veneti
877 4127 996 4200 collegii
1008 4137 1115 4187 rector.

432 4294 440 4327 ¹
478 4290 523 4346 Ex
541 4289 643 4347 codice
658 4292 777 4365 Rogant.
793 4287 958 4359 1,t01.271.

429 4382 440 4415 ¹
478 4380 520 4437 Ut
533 4380 650 4437 videtur
663 4396 761 4437 sermo
773 4388 820 4435 eat
832 4377 870 4435 de
882 4378 1023 4435 cardinali
1036 4376 1192 4451 Rodulpho
1205 4378 1258 4435 Pio
1269 4378 1424 4451 Comensi,
1438 4380 1604 4436 lauretmoe

369 4468 481 4525 domus
493 4476 672 4541 protectore.
686 4468 734 4527 ct.
750 4469 891 4541 BURGOS,
906 4466 1067 4523 Discursus
1078 4466 1261 4534 historiales,
1276 4466 1330 4522 lib.
1344 4466 1397 4540 111,
1410 4484 1476 4541 cap.
1490 4466 1536 4523 28.

428 4558 440 4590 ⁸
465 4540 608 4629 ⁸Joannea
620 4556 658 4612 de
672 4555 780 4615 Sousa?
794 4556 869 4613 Vide
892 4573 991 4630 supra,
1005 4556 1056 4628 ΙΙΙ,
1072 4568 1108 4627 52
1120 4563 1151 4611 et
1169 4552 1215 4627 533
1234 4555 1286 4629 1V,
1301 4566 1366 4625 592,
1377 4556 1445 4624 602,
1462 4556 1530 4626 6243
1552 4556 1606 4613 Po·

375 4656 512 4714 Laneus,
534 4644 803 4717 chron.,111‚120.
828 4718 831 4724 Δ
