<?xml version="1.0" encoding="UTF-8"?>
<!DOCTYPE html PUBLIC "-//W3C//DTD XHTML 1.0 Transitional//EN"
    "http://www.w3.org/TR/xhtml1/DTD/xhtml1-transitional.dtd">
<html xmlns="http://www.w3.org/1999/xhtml" xml:lang="en" lang="en">
 <head>
  <title>
</title>
<meta http-equiv="Content-Type" content="text/html;charset=utf-8" />
  <meta name='ocr-system' content='tesseract 3.04.00' />
  <meta name='ocr-capabilities' content='ocr_page ocr_carea ocr_par ocr_line ocrx_word'/>
</head>
<body>
  <div class='ocr_page' id='page_1' title='image "./monumentaignati02ignagoog_0438.png"; bbox 0 0 3567 5409; ppageno 0'>
   <div class='ocr_carea' id='block_1_1' title="bbox 452 368 1239 441">
    <p class='ocr_par' dir='ltr' id='par_1_1' title="bbox 452 368 1239 441">
     <span class='ocr_line' id='line_1_1' title="bbox 452 368 1239 441; baseline 0.003 -16"><span class='ocrx_word' id='word_1_1' title='bbox 452 368 507 441; x_wconf 78' lang='lat'><strong>43²</strong></span> <span class='ocrx_word' id='word_1_2' title='bbox 832 371 1040 429; x_wconf 76' lang='lat' dir='ltr'>Mouuuma</span> <span class='ocrx_word' id='word_1_3' title='bbox 1058 371 1239 428; x_wconf 72' lang='lat' dir='ltr'>lemma</span> 
     </span>
    </p>
   </div>
   <div class='ocr_carea' id='block_1_2' title="bbox 414 524 1639 1773">
    <p class='ocr_par' dir='ltr' id='par_1_2' title="bbox 414 524 1639 1175">
     <span class='ocr_line' id='line_1_2' title="bbox 484 524 1638 613; baseline -0.002 -18"><span class='ocrx_word' id='word_1_4' title='bbox 484 525 575 595; x_wconf 87' lang='lat' dir='ltr'>Delli</span> <span class='ocrx_word' id='word_1_5' title='bbox 590 526 661 597; x_wconf 81' lang='lat' dir='ltr'><strong>easi</strong></span> <span class='ocrx_word' id='word_1_6' title='bbox 675 526 842 598; x_wconf 81' lang='lat' dir='ltr'><strong>reseruati</strong></span> <span class='ocrx_word' id='word_1_7' title='bbox 858 530 902 597; x_wconf 92' lang='lat' dir='ltr'><strong>V.</strong></span> <span class='ocrx_word' id='word_1_8' title='bbox 921 529 965 596; x_wconf 90' lang='lat' dir='ltr'><strong>R.</strong></span> <span class='ocrx_word' id='word_1_9' title='bbox 981 527 1069 595; x_wconf 82' lang='lat' dir='ltr'><strong>anisi</strong></span> <span class='ocrx_word' id='word_1_10' title='bbox 1089 528 1122 597; x_wconf 87' lang='lat' dir='ltr'><strong>al</strong></span> <span class='ocrx_word' id='word_1_11' title='bbox 1138 528 1180 595; x_wconf 88' lang='lat' dir='ltr'><strong>P.</strong></span> <span class='ocrx_word' id='word_1_12' title='bbox 1197 529 1302 595; x_wconf 83' lang='lat' dir='ltr'><strong>Mtro.</strong></span> <span class='ocrx_word' id='word_1_13' title='bbox 1321 524 1479 613; x_wconf 80' lang='lat' dir='ltr'><strong>Philippo</strong></span> <span class='ocrx_word' id='word_1_14' title='bbox 1499 528 1564 593; x_wconf 82' lang='lat' dir='ltr'><strong>che</strong></span> <span class='ocrx_word' id='word_1_15' title='bbox 1578 544 1638 593; x_wconf 87' lang='lat' dir='ltr'><strong>con</strong></span> 
     </span>
     <span class='ocr_line' id='line_1_3' title="bbox 417 639 1638 729; baseline -0.002 -21"><span class='ocrx_word' id='word_1_16' title='bbox 417 640 585 711; x_wconf 81' lang='lat' dir='ltr'><strong>forestieri</strong></span> <span class='ocrx_word' id='word_1_17' title='bbox 608 641 661 711; x_wconf 87' lang='lat' dir='ltr'><strong>vsi</strong></span> <span class='ocrx_word' id='word_1_18' title='bbox 683 662 746 711; x_wconf 86' lang='lat' dir='ltr'><strong>sua</strong></span> <span class='ocrx_word' id='word_1_19' title='bbox 768 641 956 725; x_wconf 75' lang='lat' dir='ltr'>authorita3</span> <span class='ocrx_word' id='word_1_20' title='bbox 984 663 1051 710; x_wconf 89' lang='lat' dir='ltr'><strong>con</strong></span> <span class='ocrx_word' id='word_1_21' title='bbox 1081 642 1186 729; x_wconf 81' lang='lat' dir='ltr'><strong>quelli</strong></span> <span class='ocrx_word' id='word_1_22' title='bbox 1212 641 1337 723; x_wconf 78' lang='lat' dir='ltr'><strong>nostri,</strong></span> <span class='ocrx_word' id='word_1_23' title='bbox 1365 645 1431 711; x_wconf 86' lang='lat' dir='ltr'><strong>che</strong></span> <span class='ocrx_word' id='word_1_24' title='bbox 1457 652 1581 708; x_wconf 84' lang='lat' dir='ltr'>stanno</span> <span class='ocrx_word' id='word_1_25' title='bbox 1606 639 1638 707; x_wconf 84' lang='lat' dir='ltr'><strong>in</strong></span> 
     </span>
     <span class='ocr_line' id='line_1_4' title="bbox 416 755 1639 845; baseline -0.001 -20"><span class='ocrx_word' id='word_1_26' title='bbox 416 758 571 837; x_wconf 69' lang='lat' dir='ltr'><strong>Ferrarii,</strong></span> <span class='ocrx_word' id='word_1_27' title='bbox 589 762 654 827; x_wconf 88' lang='lat' dir='ltr'><strong>che</strong></span> <span class='ocrx_word' id='word_1_28' title='bbox 670 757 799 827; x_wconf 82' lang='lat' dir='ltr'><strong>reserui</strong></span> <span class='ocrx_word' id='word_1_29' title='bbox 815 760 846 825; x_wconf 86' lang='lat' dir='ltr'><strong>al</strong></span> <span class='ocrx_word' id='word_1_30' title='bbox 863 769 971 827; x_wconf 80' lang='lat' dir='ltr'><strong>rettor</strong></span> <span class='ocrx_word' id='word_1_31' title='bbox 986 757 1101 827; x_wconf 85' lang='lat' dir='ltr'><strong>alcuni</strong></span> <span class='ocrx_word' id='word_1_32' title='bbox 1115 756 1144 840; x_wconf 50' lang='grc' dir='ltr'><strong>Β,</strong></span> <span class='ocrx_word' id='word_1_33' title='bbox 1161 758 1197 825; x_wconf 89' lang='lat' dir='ltr'><strong>id</strong></span> <span class='ocrx_word' id='word_1_34' title='bbox 1211 769 1277 839; x_wconf 82' lang='lat' dir='ltr'><strong>est,</strong></span> <span class='ocrx_word' id='word_1_35' title='bbox 1296 756 1439 845; x_wconf 82' lang='lat' dir='ltr'><strong>peccati,</strong></span> <span class='ocrx_word' id='word_1_36' title='bbox 1456 755 1485 825; x_wconf 87' lang='lat' dir='ltr'><strong>s&#39;</strong></span> <span class='ocrx_word' id='word_1_37' title='bbox 1506 756 1639 825; x_wconf 80' lang='lat' dir='ltr'><strong>acades·</strong></span> 
     </span>
     <span class='ocr_line' id='line_1_5' title="bbox 416 872 1635 955; baseline -0.001 -14"><span class='ocrx_word' id='word_1_38' title='bbox 416 872 506 955; x_wconf 87' lang='lat' dir='ltr'><strong>sino,</strong></span> <span class='ocrx_word' id='word_1_39' title='bbox 524 874 659 942; x_wconf 88' lang='lat' dir='ltr'>mortali</span> <span class='ocrx_word' id='word_1_40' title='bbox 674 874 800 942; x_wconf 87' lang='lat' dir='ltr'>actuali</span> <span class='ocrx_word' id='word_1_41' title='bbox 815 876 859 943; x_wconf 89' lang='lat' dir='ltr'><strong>de</strong></span> <span class='ocrx_word' id='word_1_42' title='bbox 873 896 989 955; x_wconf 86' lang='lat' dir='ltr'>carne,</span> <span class='ocrx_word' id='word_1_43' title='bbox 1003 874 1190 943; x_wconf 71' lang='lat' dir='ltr'><strong>instabilita</strong></span> <span class='ocrx_word' id='word_1_44' title='bbox 1205 874 1295 943; x_wconf 86' lang='lat' dir='ltr'>circa</span> <span class='ocrx_word' id='word_1_45' title='bbox 1309 874 1344 941; x_wconf 86' lang='lat' dir='ltr'><strong>ia</strong></span> <span class='ocrx_word' id='word_1_46' title='bbox 1359 872 1550 952; x_wconf 86' lang='lat' dir='ltr'><strong>vocatione,</strong></span> <span class='ocrx_word' id='word_1_47' title='bbox 1563 882 1599 943; x_wconf 84' lang='lat' dir='ltr'><strong>et</strong></span> <span class='ocrx_word' id='word_1_48' title='bbox 1610 874 1635 942; x_wconf 85' lang='lat' dir='ltr'><strong>s’</strong></span> 
     </span>
     <span class='ocr_line' id='line_1_6' title="bbox 417 988 1639 1079; baseline 0 -24"><span class='ocrx_word' id='word_1_49' title='bbox 417 988 495 1057; x_wconf 88' lang='lat' dir='ltr'><strong>altri</strong></span> <span class='ocrx_word' id='word_1_50' title='bbox 510 1011 596 1059; x_wconf 88' lang='lat' dir='ltr'>sono</span> <span class='ocrx_word' id='word_1_51' title='bbox 611 992 676 1059; x_wconf 87' lang='lat' dir='ltr'><strong>che</strong></span> <span class='ocrx_word' id='word_1_52' title='bbox 691 1013 763 1059; x_wconf 91' lang='lat' dir='ltr'><strong>non</strong></span> <span class='ocrx_word' id='word_1_53' title='bbox 779 990 904 1059; x_wconf 84' lang='lat' dir='ltr'>debbia</span> <span class='ocrx_word' id='word_1_54' title='bbox 918 989 1079 1079; x_wconf 82' lang='lat' dir='ltr'><strong>ignorare</strong></span> <span class='ocrx_word' id='word_1_55' title='bbox 1092 990 1118 1057; x_wconf 87' lang='lat' dir='ltr'><strong>il</strong></span> <span class='ocrx_word' id='word_1_56' title='bbox 1138 1002 1266 1061; x_wconf 81' lang='lat' dir='ltr'>rettore</span> <span class='ocrx_word' id='word_1_57' title='bbox 1286 1012 1346 1077; x_wconf 81' lang='lat' dir='ltr'><strong>per</strong></span> <span class='ocrx_word' id='word_1_58' title='bbox 1361 991 1429 1057; x_wconf 78' lang='lat' dir='ltr'><strong>ben</strong></span> <span class='ocrx_word' id='word_1_59' title='bbox 1450 990 1639 1077; x_wconf 78' lang='lat' dir='ltr'>gobernare</span> 
     </span>
     <span class='ocr_line' id='line_1_7' title="bbox 414 1127 586 1175; baseline 0 -2"><span class='ocrx_word' id='word_1_60' title='bbox 414 1127 480 1175; x_wconf 80' lang='lat' dir='ltr'><strong>sua</strong></span> <span class='ocrx_word' id='word_1_61' title='bbox 495 1128 586 1175; x_wconf 80' lang='lat' dir='ltr'>casa.</span> 
     </span>
    </p>

    <p class='ocr_par' dir='ltr' id='par_1_3' title="bbox 486 1218 1541 1293">
     <span class='ocr_line' id='line_1_8' title="bbox 486 1218 1541 1293; baseline -0.005 -2"><span class='ocrx_word' id='word_1_62' title='bbox 486 1222 533 1291; x_wconf 86' lang='lat' dir='ltr'><strong>Se</strong></span> <span class='ocrx_word' id='word_1_63' title='bbox 548 1224 673 1291; x_wconf 86' lang='lat' dir='ltr'>alcuno</span> <span class='ocrx_word' id='word_1_64' title='bbox 689 1222 816 1293; x_wconf 73' lang='lat' dir='ltr'>andara</span> <span class='ocrx_word' id='word_1_65' title='bbox 833 1244 933 1291; x_wconf 82' lang='lat' dir='ltr'>verso</span> <span class='ocrx_word' id='word_1_66' title='bbox 947 1222 983 1290; x_wconf 90' lang='lat' dir='ltr'><strong>di</strong></span> <span class='ocrx_word' id='word_1_67' title='bbox 999 1222 1032 1291; x_wconf 72' lang='lat' dir='ltr'><strong>li</strong></span> <span class='ocrx_word' id='word_1_68' title='bbox 1047 1223 1077 1291; x_wconf 87' lang='lat' dir='ltr'><strong>si</strong></span> <span class='ocrx_word' id='word_1_69' title='bbox 1091 1224 1300 1291; x_wconf 85' lang='lat' dir='ltr'>mandarano</span> <span class='ocrx_word' id='word_1_70' title='bbox 1314 1221 1340 1289; x_wconf 92' lang='lat' dir='ltr'><strong>li</strong></span> <span class='ocrx_word' id='word_1_71' title='bbox 1355 1218 1541 1290; x_wconf 81' lang='lat' dir='ltr'><strong>Essercitii.</strong></span> 
     </span>
    </p>

    <p class='ocr_par' dir='ltr' id='par_1_4' title="bbox 486 1335 1637 1426">
     <span class='ocr_line' id='line_1_9' title="bbox 486 1335 1637 1426; baseline -0.004 -19"><span class='ocrx_word' id='word_1_72' title='bbox 486 1340 565 1407; x_wconf 86' lang='lat' dir='ltr'><strong>Aila</strong></span> <span class='ocrx_word' id='word_1_73' title='bbox 580 1338 720 1426; x_wconf 83' lang='lat' dir='ltr'><strong>signora</strong></span> <span class='ocrx_word' id='word_1_74' title='bbox 735 1341 874 1407; x_wconf 88' lang='lat' dir='ltr'>Fattora</span> <span class='ocrx_word' id='word_1_75' title='bbox 890 1340 938 1407; x_wconf 90' lang='lat' dir='ltr'><strong>N.</strong></span> <span class='ocrx_word' id='word_1_76' title='bbox 961 1340 1002 1405; x_wconf 90' lang='lat' dir='ltr'><strong>P.</strong></span> <span class='ocrx_word' id='word_1_77' title='bbox 1020 1350 1056 1408; x_wconf 89' lang='lat' dir='ltr'><strong>et</strong></span> <span class='ocrx_word' id='word_1_78' title='bbox 1071 1339 1153 1405; x_wconf 87' lang='lat' dir='ltr'><strong>tutti</strong></span> <span class='ocrx_word' id='word_1_79' title='bbox 1168 1339 1273 1407; x_wconf 89' lang='lat' dir='ltr'><strong>molto</strong></span> <span class='ocrx_word' id='word_1_80' title='bbox 1287 1337 1319 1405; x_wconf 85' lang='lat' dir='ltr'><strong>ci</strong></span> <span class='ocrx_word' id='word_1_81' title='bbox 1336 1335 1637 1405; x_wconf 84' lang='lat' dir='ltr'>raecomandiamo.</span> 
     </span>
    </p>

    <p class='ocr_par' dir='ltr' id='par_1_5' title="bbox 486 1454 1474 1542">
     <span class='ocr_line' id='line_1_10' title="bbox 486 1454 1474 1542; baseline -0.004 -19"><span class='ocrx_word' id='word_1_82' title='bbox 486 1454 545 1523; x_wconf 86' lang='lat' dir='ltr'><strong>Sia</strong></span> <span class='ocrx_word' id='word_1_83' title='bbox 559 1476 626 1523; x_wconf 88' lang='lat' dir='ltr'><strong>con</strong></span> <span class='ocrx_word' id='word_1_84' title='bbox 641 1454 723 1522; x_wconf 85' lang='lat' dir='ltr'><strong>tutti</strong></span> <span class='ocrx_word' id='word_1_85' title='bbox 733 1456 817 1542; x_wconf 69' lang='lat' dir='ltr'><strong>Jesi</strong></span> <span class='ocrx_word' id='word_1_86' title='bbox 833 1456 899 1523; x_wconf 73' lang='grc' dir='ltr'><strong>Χ.ο</strong></span> <span class='ocrx_word' id='word_1_87' title='bbox 915 1476 976 1542; x_wconf 86' lang='lat' dir='ltr'><strong>per</strong></span> <span class='ocrx_word' id='word_1_88' title='bbox 991 1456 1186 1523; x_wconf 82' lang='lat' dir='ltr'>abondante</span> <span class='ocrx_word' id='word_1_89' title='bbox 1205 1454 1329 1541; x_wconf 88' lang='lat' dir='ltr'><strong>gratia.</strong></span> <span class='ocrx_word' id='word_1_90' title='bbox 1347 1455 1474 1522; x_wconf 79' lang='lat' dir='ltr'><strong>Amen.</strong></span> 
     </span>
    </p>

    <p class='ocr_par' dir='ltr' id='par_1_6' title="bbox 485 1571 1084 1656">
     <span class='ocr_line' id='line_1_11' title="bbox 485 1571 1084 1656; baseline -0.003 -17"><span class='ocrx_word' id='word_1_91' title='bbox 485 1572 539 1639; x_wconf 82' lang='lat' dir='ltr'><strong>De</strong></span> <span class='ocrx_word' id='word_1_92' title='bbox 554 1572 661 1639; x_wconf 86' lang='lat' dir='ltr'><strong>Roma</strong></span> <span class='ocrx_word' id='word_1_93' title='bbox 678 1590 697 1637; x_wconf 87' lang='lat'>2</span> <span class='ocrx_word' id='word_1_94' title='bbox 714 1571 758 1637; x_wconf 87' lang='lat' dir='ltr'><strong>de</strong></span> <span class='ocrx_word' id='word_1_95' title='bbox 773 1571 968 1641; x_wconf 78' lang='lat' dir='ltr'>Settembre</span> <span class='ocrx_word' id='word_1_96' title='bbox 986 1586 1084 1656; x_wconf 83' lang='lat'><strong>1553.</strong></span> 
     </span>
    </p>

    <p class='ocr_par' dir='ltr' id='par_1_7' title="bbox 486 1687 906 1773">
     <span class='ocr_line' id='line_1_12' title="bbox 486 1687 906 1773; baseline 0 -20"><span class='ocrx_word' id='word_1_97' title='bbox 486 1687 682 1773; x_wconf 76' lang='lat' dir='ltr'><strong><em>Inscriptio.</em></strong></span> <span class='ocrx_word' id='word_1_98' title='bbox 702 1687 735 1754; x_wconf 82' lang='lat' dir='ltr'>A</span> <span class='ocrx_word' id='word_1_99' title='bbox 751 1688 779 1754; x_wconf 95' lang='lat' dir='ltr'>F</span> <span class='ocrx_word' id='word_1_100' title='bbox 780 1706 906 1753; x_wconf 85' lang='lat' dir='ltr'>errara.</span> 
     </span>
    </p>
   </div>
   <div class='ocr_carea' id='block_1_3' title="bbox 601 1856 1463 2211">
    <p class='ocr_par' dir='ltr' id='par_1_8' title="bbox 601 1856 1463 2211">
     <span class='ocr_line' id='line_1_13' title="bbox 991 1856 1133 1938; baseline -0.035 0"><span class='ocrx_word' id='word_1_101' title='bbox 991 1856 1083 1938; x_wconf 80' lang='grc'><strong>3716</strong></span> <span class='ocrx_word' id='word_1_102' title='bbox 1129 1923 1133 1933; x_wconf 89' lang='grc'><em>,</em></span> 
     </span>
     <span class='ocr_line' id='line_1_14' title="bbox 601 1998 1463 2094; baseline -0.001 -28"><span class='ocrx_word' id='word_1_103' title='bbox 601 1998 739 2066; x_wconf 87' lang='lat' dir='ltr'><strong>PATRI</strong></span> <span class='ocrx_word' id='word_1_104' title='bbox 764 1998 987 2066; x_wconf 86' lang='lat' dir='ltr'>PHILIPPO</span> <span class='ocrx_word' id='word_1_105' title='bbox 1011 1998 1198 2094; x_wconf 73' lang='lat' dir='ltr'><strong>LEERNO</strong></span> <span class='ocrx_word' id='word_1_106' title='bbox 1223 1999 1286 2067; x_wconf 82' lang='lat' dir='ltr'><strong>EX</strong></span> <span class='ocrx_word' id='word_1_107' title='bbox 1310 1999 1463 2067; x_wconf 85' lang='lat' dir='ltr'><strong>COMM.</strong></span> 
     </span>
     <span class='ocr_line' id='line_1_15' title="bbox 808 2138 1252 2211; baseline -0.002 -14"><span class='ocrx_word' id='word_1_108' title='bbox 808 2152 898 2197; x_wconf 76' lang='lat' dir='ltr'>noua</span> <span class='ocrx_word' id='word_1_109' title='bbox 910 2153 927 2195; x_wconf 82' lang='lat'><em>2</em></span> <span class='ocrx_word' id='word_1_110' title='bbox 938 2151 1135 2197; x_wconf 66' lang='lat' dir='ltr'><strong>smmum</strong></span> <span class='ocrx_word' id='word_1_111' title='bbox 1150 2138 1218 2211; x_wconf 79' lang='lat'><strong>¹55³</strong></span> <span class='ocrx_word' id='word_1_112' title='bbox 1231 2139 1252 2196; x_wconf 77' lang='lat'><strong>⁴.</strong></span> 
     </span>
    </p>
   </div>
   <div class='ocr_carea' id='block_1_4' title="bbox 416 2272 1642 3973">
    <p class='ocr_par' dir='ltr' id='par_1_9' title="bbox 442 2272 1620 2437">
     <span class='ocr_line' id='line_1_16' title="bbox 442 2272 1620 2355; baseline 0 -24"><span class='ocrx_word' id='word_1_113' title='bbox 442 2276 486 2332; x_wconf 78' lang='lat' dir='ltr'><strong>Da</strong></span> <span class='ocrx_word' id='word_1_114' title='bbox 498 2276 615 2355; x_wconf 65' lang='lat' dir='ltr'><strong>casibus</strong></span> <span class='ocrx_word' id='word_1_115' title='bbox 626 2276 798 2331; x_wconf 68' lang='lat' dir='ltr'><strong>reservatis.</strong></span> <span class='ocrx_word' id='word_1_116' title='bbox 805 2272 884 2331; x_wconf 76' lang='lat' dir='ltr'><strong>-Do</strong></span> <span class='ocrx_word' id='word_1_117' title='bbox 893 2272 1027 2346; x_wconf 70' lang='lat' dir='ltr'><strong>globulis</strong></span> <span class='ocrx_word' id='word_1_118' title='bbox 1037 2273 1421 2344; x_wconf 50' lang='lat' dir='ltr'><strong>precatorum-Mandata</strong></span> <span class='ocrx_word' id='word_1_119' title='bbox 1433 2275 1620 2346; x_wconf 76' lang='lat' dir='ltr'><strong>circafma·</strong></span> 
     </span>
     <span class='ocr_line' id='line_1_17' title="bbox 578 2361 1488 2437; baseline 0.003 -18"><span class='ocrx_word' id='word_1_120' title='bbox 578 2365 707 2421; x_wconf 76' lang='lat' dir='ltr'><strong>riensam</strong></span> <span class='ocrx_word' id='word_1_121' title='bbox 721 2368 881 2421; x_wconf 71' lang='lat' dir='ltr'><strong><em>rectorem:</em></strong></span> <span class='ocrx_word' id='word_1_122' title='bbox 894 2363 931 2419; x_wconf 75' lang='lat' dir='ltr'><strong>da</strong></span> <span class='ocrx_word' id='word_1_123' title='bbox 943 2361 1050 2434; x_wconf 75' lang='lat' dir='ltr'><strong>quiim</strong></span> <span class='ocrx_word' id='word_1_124' title='bbox 1061 2365 1103 2418; x_wconf 78' lang='lat' dir='ltr'><strong>ad</strong></span> <span class='ocrx_word' id='word_1_125' title='bbox 1115 2363 1274 2437; x_wconf 72' lang='lat' dir='ltr'><strong>Ignaiium</strong></span> <span class='ocrx_word' id='word_1_126' title='bbox 1286 2364 1488 2423; x_wconf 60' lang='lat' dir='ltr'><strong>mamam.</strong></span> 
     </span>
    </p>

    <p class='ocr_par' dir='ltr' id='par_1_10' title="bbox 487 2490 718 2569">
     <span class='ocr_line' id='line_1_18' title="bbox 487 2490 718 2569; baseline -0.017 0"><span class='ocrx_word' id='word_1_127' title='bbox 487 2504 561 2569; x_wconf 83' lang='lat' dir='ltr'><strong>Pax</strong></span> <span class='ocrx_word' id='word_1_128' title='bbox 577 2490 718 2567; x_wconf 75' lang='lat' dir='ltr'><strong>Ch&#39;risti.</strong></span> 
     </span>
    </p>

    <p class='ocr_par' dir='ltr' id='par_1_11' title="bbox 486 2614 1196 2702">
     <span class='ocr_line' id='line_1_19' title="bbox 486 2614 1196 2702; baseline -0.003 -18"><span class='ocrx_word' id='word_1_129' title='bbox 486 2615 697 2685; x_wconf 77' lang='lat' dir='ltr'><strong>charissimo</strong></span> <span class='ocrx_word' id='word_1_130' title='bbox 712 2614 748 2681; x_wconf 91' lang='lat' dir='ltr'><strong>in</strong></span> <span class='ocrx_word' id='word_1_131' title='bbox 764 2614 830 2683; x_wconf 86' lang='lat' dir='ltr'><strong>X.⁰</strong></span> <span class='ocrx_word' id='word_1_132' title='bbox 848 2616 884 2681; x_wconf 94' lang='lat' dir='ltr'><strong>P.</strong></span> <span class='ocrx_word' id='word_1_133' title='bbox 903 2616 1006 2683; x_wconf 75' lang='lat' dir='ltr'><strong>Mtte.</strong></span> <span class='ocrx_word' id='word_1_134' title='bbox 1027 2614 1196 2702; x_wconf 89' lang='lat' dir='ltr'><strong>Philippo.</strong></span> 
     </span>
    </p>

    <p class='ocr_par' dir='ltr' id='par_1_12' title="bbox 419 2729 1640 3173">
     <span class='ocr_line' id='line_1_20' title="bbox 486 2729 1640 2821; baseline 0.002 -21"><span class='ocrx_word' id='word_1_135' title='bbox 486 2733 544 2800; x_wconf 90' lang='lat' dir='ltr'><strong>Ho</strong></span> <span class='ocrx_word' id='word_1_136' title='bbox 558 2731 732 2821; x_wconf 80' lang='lat' dir='ltr'><strong>ricordato</strong></span> <span class='ocrx_word' id='word_1_137' title='bbox 747 2754 768 2799; x_wconf 90' lang='lat' dir='ltr'>a</span> <span class='ocrx_word' id='word_1_138' title='bbox 784 2733 832 2799; x_wconf 90' lang='lat' dir='ltr'><strong>N.</strong></span> <span class='ocrx_word' id='word_1_139' title='bbox 856 2733 901 2798; x_wconf 91' lang='lat' dir='ltr'><strong>P.</strong></span> <span class='ocrx_word' id='word_1_140' title='bbox 924 2731 1014 2800; x_wconf 87' lang='lat' dir='ltr'>delle</span> <span class='ocrx_word' id='word_1_141' title='bbox 1028 2730 1098 2798; x_wconf 87' lang='lat' dir='ltr'><strong>due</strong></span> <span class='ocrx_word' id='word_1_142' title='bbox 1113 2729 1281 2817; x_wconf 83' lang='lat' dir='ltr'><strong>petitioni,</strong></span> <span class='ocrx_word' id='word_1_143' title='bbox 1299 2730 1391 2799; x_wconf 86' lang='lat' dir='ltr'><strong>circa</strong></span> <span class='ocrx_word' id='word_1_144' title='bbox 1409 2732 1434 2798; x_wconf 91' lang='lat' dir='ltr'><strong>li</strong></span> <span class='ocrx_word' id='word_1_145' title='bbox 1449 2732 1521 2799; x_wconf 70' lang='lat' dir='ltr'><strong>nasi</strong></span> <span class='ocrx_word' id='word_1_146' title='bbox 1538 2754 1640 2803; x_wconf 57' lang='lat' dir='ltr'>raser-</span> 
     </span>
     <span class='ocr_line' id='line_1_21' title="bbox 421 2844 1639 2941; baseline -0.003 -24"><span class='ocrx_word' id='word_1_147' title='bbox 421 2848 492 2917; x_wconf 86' lang='lat' dir='ltr'><strong>uati</strong></span> <span class='ocrx_word' id='word_1_148' title='bbox 512 2860 547 2916; x_wconf 86' lang='lat' dir='ltr'><strong>et</strong></span> <span class='ocrx_word' id='word_1_149' title='bbox 569 2846 742 2917; x_wconf 88' lang='lat' dir='ltr'>auemarie</span> <span class='ocrx_word' id='word_1_150' title='bbox 760 2847 956 2915; x_wconf 83' lang='lat' dir='ltr'><strong>benedette.</strong></span> <span class='ocrx_word' id='word_1_151' title='bbox 976 2846 1023 2913; x_wconf 66' lang='lat' dir='ltr'><strong>‘Et</strong></span> <span class='ocrx_word' id='word_1_152' title='bbox 1043 2846 1134 2941; x_wconf 86' lang='lat' dir='ltr'><strong>circa</strong></span> <span class='ocrx_word' id='word_1_153' title='bbox 1154 2845 1177 2913; x_wconf 88' lang='lat' dir='ltr'><strong>li</strong></span> <span class='ocrx_word' id='word_1_154' title='bbox 1196 2844 1268 2914; x_wconf 82' lang='lat' dir='ltr'><strong>casi</strong></span> <span class='ocrx_word' id='word_1_155' title='bbox 1294 2844 1325 2913; x_wconf 89' lang='lat' dir='ltr'><strong>si</strong></span> <span class='ocrx_word' id='word_1_156' title='bbox 1351 2846 1465 2915; x_wconf 80' lang='lat' dir='ltr'><strong>scriue</strong></span> <span class='ocrx_word' id='word_1_157' title='bbox 1487 2848 1522 2915; x_wconf 92' lang='lat' dir='ltr'><strong>al</strong></span> <span class='ocrx_word' id='word_1_158' title='bbox 1537 2848 1639 2916; x_wconf 73' lang='lat' dir='ltr'>Padre</span> 
     </span>
     <span class='ocr_line' id='line_1_22' title="bbox 420 2960 1640 3049; baseline -0.002 -18"><span class='ocrx_word' id='word_1_159' title='bbox 420 2972 560 3045; x_wconf 85' lang='lat' dir='ltr'>rettore,</span> <span class='ocrx_word' id='word_1_160' title='bbox 578 2974 612 3031; x_wconf 86' lang='lat' dir='ltr'><strong>et</strong></span> <span class='ocrx_word' id='word_1_161' title='bbox 632 2962 681 3029; x_wconf 92' lang='lat' dir='ltr'><strong>lui</strong></span> <span class='ocrx_word' id='word_1_162' title='bbox 701 2961 866 3031; x_wconf 75' lang='lat' dir='ltr'><strong>mostrari</strong></span> <span class='ocrx_word' id='word_1_163' title='bbox 890 2963 967 3047; x_wconf 82' lang='lat' dir='ltr'><strong>quel</strong></span> <span class='ocrx_word' id='word_1_164' title='bbox 991 2960 1145 3049; x_wconf 88' lang='lat' dir='ltr'><strong>capitulo</strong></span> <span class='ocrx_word' id='word_1_165' title='bbox 1165 2984 1187 3029; x_wconf 92' lang='lat' dir='ltr'>a</span> <span class='ocrx_word' id='word_1_166' title='bbox 1206 2962 1249 3029; x_wconf 89' lang='lat' dir='ltr'><strong>V.</strong></span> <span class='ocrx_word' id='word_1_167' title='bbox 1265 2964 1307 3031; x_wconf 89' lang='lat' dir='ltr'><strong>R.</strong></span> <span class='ocrx_word' id='word_1_168' title='bbox 1325 2962 1353 3033; x_wconf 84' lang='lat'><strong>¹&#39;.</strong></span> <span class='ocrx_word' id='word_1_169' title='bbox 1369 2962 1459 3031; x_wconf 84' lang='lat' dir='ltr'>Dell&#39;</span> <span class='ocrx_word' id='word_1_170' title='bbox 1478 2960 1640 3031; x_wconf 82' lang='lat' dir='ltr'><strong>auemarie</strong></span> 
     </span>
     <span class='ocr_line' id='line_1_23' title="bbox 419 3077 1638 3173; baseline -0.002 -28"><span class='ocrx_word' id='word_1_171' title='bbox 419 3079 479 3166; x_wconf 89' lang='lat' dir='ltr'><strong>qui</strong></span> <span class='ocrx_word' id='word_1_172' title='bbox 491 3078 521 3146; x_wconf 89' lang='lat' dir='ltr'><strong>si</strong></span> <span class='ocrx_word' id='word_1_173' title='bbox 533 3081 704 3147; x_wconf 81' lang='lat' dir='ltr'>mandano</span> <span class='ocrx_word' id='word_1_174' title='bbox 717 3089 780 3147; x_wconf 87' lang='lat' dir='ltr'><strong>tre.</strong></span> <span class='ocrx_word' id='word_1_175' title='bbox 796 3078 840 3145; x_wconf 90' lang='lat' dir='ltr'><strong>V.</strong></span> <span class='ocrx_word' id='word_1_176' title='bbox 855 3080 898 3145; x_wconf 88' lang='lat' dir='ltr'><strong>R.</strong></span> <span class='ocrx_word' id='word_1_177' title='bbox 912 3078 945 3146; x_wconf 91' lang='lat' dir='ltr'><strong>le</strong></span> <span class='ocrx_word' id='word_1_178' title='bbox 956 3077 1176 3145; x_wconf 79' lang='lat' dir='ltr'><strong>distribuisca</strong></span> <span class='ocrx_word' id='word_1_179' title='bbox 1187 3098 1286 3146; x_wconf 83' lang='lat' dir='ltr'>come</span> <span class='ocrx_word' id='word_1_180' title='bbox 1300 3078 1430 3173; x_wconf 78' lang='lat' dir='ltr'><strong>meglio</strong></span> <span class='ocrx_word' id='word_1_181' title='bbox 1444 3078 1469 3145; x_wconf 94' lang='lat' dir='ltr'><strong>li</strong></span> <span class='ocrx_word' id='word_1_182' title='bbox 1485 3078 1600 3167; x_wconf 79' lang='lat' dir='ltr'><strong>pareri</strong></span> <span class='ocrx_word' id='word_1_183' title='bbox 1616 3079 1638 3142; x_wconf 85' lang='lat'><strong>⁸.</strong></span> 
     </span>
    </p>

    <p class='ocr_par' dir='ltr' id='par_1_13' title="bbox 416 3194 1642 3973">
     <span class='ocr_line' id='line_1_24' title="bbox 485 3194 1641 3281; baseline 0 -18"><span class='ocrx_word' id='word_1_184' title='bbox 485 3196 613 3263; x_wconf 81' lang='lat' dir='ltr'>Nostro</span> <span class='ocrx_word' id='word_1_185' title='bbox 630 3194 739 3263; x_wconf 82' lang='lat' dir='ltr'>Padre</span> <span class='ocrx_word' id='word_1_186' title='bbox 755 3194 923 3263; x_wconf 89' lang='lat' dir='ltr'>comanda</span> <span class='ocrx_word' id='word_1_187' title='bbox 942 3194 1008 3261; x_wconf 87' lang='lat' dir='ltr'>alla</span> <span class='ocrx_word' id='word_1_188' title='bbox 1028 3196 1070 3262; x_wconf 92' lang='lat' dir='ltr'><strong>R.</strong></span> <span class='ocrx_word' id='word_1_189' title='bbox 1095 3194 1139 3261; x_wconf 91' lang='lat' dir='ltr'><strong>V.</strong></span> <span class='ocrx_word' id='word_1_190' title='bbox 1164 3194 1291 3262; x_wconf 81' lang='lat' dir='ltr'>habbia</span> <span class='ocrx_word' id='word_1_191' title='bbox 1312 3217 1333 3262; x_wconf 88' lang='lat' dir='ltr'>a</span> <span class='ocrx_word' id='word_1_192' title='bbox 1356 3194 1510 3264; x_wconf 83' lang='lat' dir='ltr'><strong>scriuere</strong></span> <span class='ocrx_word' id='word_1_193' title='bbox 1535 3198 1641 3281; x_wconf 71' lang='lat' dir='ltr'>(senza</span> 
     </span>
     <span class='ocr_line' id='line_1_25' title="bbox 421 3310 1639 3397; baseline 0.001 -21"><span class='ocrx_word' id='word_1_194' title='bbox 421 3312 470 3379; x_wconf 88' lang='lat' dir='ltr'><strong>far</strong></span> <span class='ocrx_word' id='word_1_195' title='bbox 486 3311 602 3379; x_wconf 82' lang='lat' dir='ltr'><strong>niente</strong></span> <span class='ocrx_word' id='word_1_196' title='bbox 617 3310 795 3378; x_wconf 84' lang='lat' dir='ltr'>intendere</span> <span class='ocrx_word' id='word_1_197' title='bbox 810 3310 843 3376; x_wconf 90' lang='lat' dir='ltr'><strong>al</strong></span> <span class='ocrx_word' id='word_1_198' title='bbox 857 3312 967 3377; x_wconf 87' lang='lat' dir='ltr'>Padre</span> <span class='ocrx_word' id='word_1_199' title='bbox 978 3310 1117 3395; x_wconf 83' lang='lat' dir='ltr'>rettore)</span> <span class='ocrx_word' id='word_1_200' title='bbox 1130 3310 1268 3378; x_wconf 85' lang='lat' dir='ltr'><strong>comesi</strong></span> <span class='ocrx_word' id='word_1_201' title='bbox 1282 3322 1390 3395; x_wconf 84' lang='lat' dir='ltr'>porta,</span> <span class='ocrx_word' id='word_1_202' title='bbox 1403 3311 1639 3397; x_wconf 78' lang='lat' dir='ltr'><strong>specialmente</strong></span> 
     </span>
     <span class='ocr_line' id='line_1_26' title="bbox 416 3424 1642 3514; baseline -0.003 -19"><span class='ocrx_word' id='word_1_203' title='bbox 416 3449 483 3495; x_wconf 87' lang='lat' dir='ltr'><strong>con</strong></span> <span class='ocrx_word' id='word_1_204' title='bbox 499 3429 533 3495; x_wconf 90' lang='lat' dir='ltr'><strong>la</strong></span> <span class='ocrx_word' id='word_1_205' title='bbox 548 3426 686 3514; x_wconf 87' lang='lat' dir='ltr'>signora</span> <span class='ocrx_word' id='word_1_206' title='bbox 701 3428 730 3494; x_wconf 92' lang='lat' dir='ltr'>F</span> <span class='ocrx_word' id='word_1_207' title='bbox 731 3434 841 3493; x_wconf 84' lang='lat' dir='ltr'>attora</span> <span class='ocrx_word' id='word_1_208' title='bbox 855 3426 882 3508; x_wconf 81' lang='lat'><strong>⁴,</strong></span> <span class='ocrx_word' id='word_1_209' title='bbox 900 3437 935 3494; x_wconf 88' lang='lat' dir='ltr'><strong>et</strong></span> <span class='ocrx_word' id='word_1_210' title='bbox 954 3424 1154 3493; x_wconf 86' lang='lat' dir='ltr'><strong>nominatim</strong></span> <span class='ocrx_word' id='word_1_211' title='bbox 1174 3449 1214 3495; x_wconf 77' lang='lat' dir='ltr'><strong>se</strong></span> <span class='ocrx_word' id='word_1_212' title='bbox 1232 3427 1301 3494; x_wconf 85' lang='lat' dir='ltr'><strong>mai</strong></span> <span class='ocrx_word' id='word_1_213' title='bbox 1322 3427 1450 3494; x_wconf 76' lang='lat' dir='ltr'>andara</span> <span class='ocrx_word' id='word_1_214' title='bbox 1472 3451 1495 3496; x_wconf 92' lang='lat' dir='ltr'>a</span> <span class='ocrx_word' id='word_1_215' title='bbox 1513 3448 1592 3495; x_wconf 84' lang='lat' dir='ltr'>casa</span> <span class='ocrx_word' id='word_1_216' title='bbox 1609 3424 1642 3491; x_wconf 88' lang='lat' dir='ltr'><strong>di</strong></span> 
     </span>
     <span class='ocr_line' id='line_1_27' title="bbox 418 3524 1640 3629; baseline 0.006 -20"><span class='ocrx_word' id='word_1_217' title='bbox 418 3563 495 3609; x_wconf 75' lang='lat' dir='ltr'>essa</span> <span class='ocrx_word' id='word_1_218' title='bbox 510 3564 614 3610; x_wconf 83' lang='lat' dir='ltr'>senza</span> <span class='ocrx_word' id='word_1_219' title='bbox 630 3524 834 3628; x_wconf 61' lang='lat' dir='ltr'>campagnm</span> <span class='ocrx_word' id='word_1_220' title='bbox 852 3562 874 3608; x_wconf 90' lang='lat' dir='ltr'>o</span> <span class='ocrx_word' id='word_1_221' title='bbox 889 3561 929 3608; x_wconf 82' lang='lat' dir='ltr'><strong>se</strong></span> <span class='ocrx_word' id='word_1_222' title='bbox 943 3542 1071 3609; x_wconf 71' lang='lat' dir='ltr'>auderi</span> <span class='ocrx_word' id='word_1_223' title='bbox 1085 3540 1144 3629; x_wconf 74' lang='lat' dir='ltr'><strong>pih</strong></span> <span class='ocrx_word' id='word_1_224' title='bbox 1159 3543 1204 3611; x_wconf 89' lang='lat' dir='ltr'><strong>de</strong></span> <span class='ocrx_word' id='word_1_225' title='bbox 1219 3543 1288 3611; x_wconf 82' lang='lat' dir='ltr'><strong>due</strong></span> <span class='ocrx_word' id='word_1_226' title='bbox 1303 3543 1396 3611; x_wconf 80' lang='lat' dir='ltr'>volte</span> <span class='ocrx_word' id='word_1_227' title='bbox 1407 3543 1442 3609; x_wconf 89' lang='lat' dir='ltr'><strong>la</strong></span> <span class='ocrx_word' id='word_1_228' title='bbox 1452 3540 1640 3615; x_wconf 77' lang='lat' dir='ltr'>settimana</span> 
     </span>
     <span class='ocr_line' id='line_1_28' title="bbox 418 3654 1640 3742; baseline -0.003 -17"><span class='ocrx_word' id='word_1_229' title='bbox 418 3679 439 3725; x_wconf 92' lang='lat' dir='ltr'>o</span> <span class='ocrx_word' id='word_1_230' title='bbox 463 3679 547 3725; x_wconf 83' lang='lat' dir='ltr'><strong>uero</strong></span> <span class='ocrx_word' id='word_1_231' title='bbox 570 3680 609 3725; x_wconf 84' lang='lat' dir='ltr'><strong>se</strong></span> <span class='ocrx_word' id='word_1_232' title='bbox 631 3658 717 3724; x_wconf 88' lang='lat' dir='ltr'>altra</span> <span class='ocrx_word' id='word_1_233' title='bbox 739 3676 819 3723; x_wconf 85' lang='lat' dir='ltr'>cosa</span> <span class='ocrx_word' id='word_1_234' title='bbox 842 3678 880 3725; x_wconf 86' lang='lat' dir='ltr'><strong>se</strong></span> <span class='ocrx_word' id='word_1_235' title='bbox 903 3656 1022 3724; x_wconf 74' lang='lat' dir='ltr'>notari</span> <span class='ocrx_word' id='word_1_236' title='bbox 1045 3656 1082 3723; x_wconf 91' lang='lat' dir='ltr'><strong>in</strong></span> <span class='ocrx_word' id='word_1_237' title='bbox 1105 3669 1227 3742; x_wconf 84' lang='lat' dir='ltr'>questa</span> <span class='ocrx_word' id='word_1_238' title='bbox 1250 3657 1391 3725; x_wconf 84' lang='lat' dir='ltr'>materia</span> <span class='ocrx_word' id='word_1_239' title='bbox 1411 3660 1477 3726; x_wconf 88' lang='lat' dir='ltr'><strong>che</strong></span> <span class='ocrx_word' id='word_1_240' title='bbox 1498 3678 1565 3725; x_wconf 87' lang='lat' dir='ltr'><strong>non</strong></span> <span class='ocrx_word' id='word_1_241' title='bbox 1590 3654 1640 3721; x_wconf 85' lang='lat' dir='ltr'><strong>dia</strong></span> 
     </span>
     <span class='ocr_line' id='line_1_29' title="bbox 417 3771 1640 3859; baseline -0.003 -20"><span class='ocrx_word' id='word_1_242' title='bbox 417 3772 534 3845; x_wconf 79' lang='lat' dir='ltr'>buona</span> <span class='ocrx_word' id='word_1_243' title='bbox 560 3772 792 3849; x_wconf 84' lang='lat' dir='ltr'><strong>edificatione;</strong></span> <span class='ocrx_word' id='word_1_244' title='bbox 817 3780 853 3841; x_wconf 84' lang='lat' dir='ltr'><strong>et</strong></span> <span class='ocrx_word' id='word_1_245' title='bbox 875 3773 1025 3841; x_wconf 84' lang='lat' dir='ltr'>anchora</span> <span class='ocrx_word' id='word_1_246' title='bbox 1047 3794 1086 3839; x_wconf 86' lang='lat' dir='ltr'><strong>se</strong></span> <span class='ocrx_word' id='word_1_247' title='bbox 1108 3771 1157 3840; x_wconf 87' lang='lat' dir='ltr'><strong>lui</strong></span> <span class='ocrx_word' id='word_1_248' title='bbox 1180 3794 1325 3859; x_wconf 83' lang='lat' dir='ltr'>procura</span> <span class='ocrx_word' id='word_1_249' title='bbox 1347 3775 1392 3841; x_wconf 81' lang='lat' dir='ltr'><strong>de</strong></span> <span class='ocrx_word' id='word_1_250' title='bbox 1415 3773 1590 3841; x_wconf 81' lang='lat' dir='ltr'><strong>introdure</strong></span> <span class='ocrx_word' id='word_1_251' title='bbox 1611 3771 1640 3837; x_wconf 87' lang='lat' dir='ltr'><strong>ia</strong></span> 
     </span>
     <span class='ocr_line' id='line_1_30' title="bbox 418 3884 1642 3973; baseline -0.004 -17"><span class='ocrx_word' id='word_1_252' title='bbox 418 3890 461 3956; x_wconf 89' lang='lat' dir='ltr'><strong>R.</strong></span> <span class='ocrx_word' id='word_1_253' title='bbox 486 3891 528 3956; x_wconf 93' lang='lat' dir='ltr'><strong>V.</strong></span> <span class='ocrx_word' id='word_1_254' title='bbox 552 3888 617 3955; x_wconf 86' lang='lat' dir='ltr'>alla</span> <span class='ocrx_word' id='word_1_255' title='bbox 637 3886 901 3957; x_wconf 83' lang='lat' dir='ltr'><strong>conuersatione</strong></span> <span class='ocrx_word' id='word_1_256' title='bbox 922 3887 958 3953; x_wconf 91' lang='lat' dir='ltr'><strong>di</strong></span> <span class='ocrx_word' id='word_1_257' title='bbox 980 3888 1110 3973; x_wconf 80' lang='lat' dir='ltr'>quella,</span> <span class='ocrx_word' id='word_1_258' title='bbox 1135 3909 1158 3954; x_wconf 87' lang='grc' dir='ltr'>ο</span> <span class='ocrx_word' id='word_1_259' title='bbox 1181 3908 1264 3957; x_wconf 75' lang='lat' dir='ltr'>uero</span> <span class='ocrx_word' id='word_1_260' title='bbox 1286 3888 1310 3954; x_wconf 86' lang='lat' dir='ltr'><strong>ii</strong></span> <span class='ocrx_word' id='word_1_261' title='bbox 1333 3888 1525 3957; x_wconf 85' lang='lat' dir='ltr'><strong>contrario:</strong></span> <span class='ocrx_word' id='word_1_262' title='bbox 1549 3898 1585 3955; x_wconf 85' lang='lat' dir='ltr'><strong>et</strong></span> <span class='ocrx_word' id='word_1_263' title='bbox 1609 3884 1642 3951; x_wconf 88' lang='lat' dir='ltr'><strong>in</strong></span> 
     </span>
    </p>
   </div>
   <div class='ocr_carea' id='block_1_5' title="bbox 420 4010 636 4023">
    <p class='ocr_par' dir='ltr' id='par_1_14' title="bbox 420 4010 636 4023">
     <span class='ocr_line' id='line_1_31' title="bbox 420 4010 636 4023; baseline 0.009 -2"><span class='ocrx_word' id='word_1_264' title='bbox 420 4010 636 4023; x_wconf 49' lang='lat' dir='ltr'><strong>ffl-</strong></span> 
     </span>
    </p>
   </div>
   <div class='ocr_carea' id='block_1_6' title="bbox 474 4076 700 4132">
    <p class='ocr_par' dir='ltr' id='par_1_15' title="bbox 474 4076 700 4132">
     <span class='ocr_line' id='line_1_32' title="bbox 474 4076 700 4132; baseline -0.009 0"><span class='ocrx_word' id='word_1_265' title='bbox 474 4078 488 4119; x_wconf 83' lang='lat' dir='ltr'>b</span> <span class='ocrx_word' id='word_1_266' title='bbox 525 4076 630 4132; x_wconf 75' lang='lat' dir='ltr'><strong>alcime</strong></span> <span class='ocrx_word' id='word_1_267' title='bbox 644 4092 700 4131; x_wconf 74' lang='lat' dir='ltr'><strong>ms.</strong></span> 
     </span>
    </p>
   </div>
   <div class='ocr_carea' id='block_1_7' title="bbox 418 4244 1638 4678">
    <p class='ocr_par' dir='ltr' id='par_1_16' title="bbox 475 4244 993 4319">
     <span class='ocr_line' id='line_1_33' title="bbox 475 4244 993 4319; baseline 0 -20"><span class='ocrx_word' id='word_1_268' title='bbox 475 4248 483 4281; x_wconf 79' lang='lat'><strong>¹</strong></span> <span class='ocrx_word' id='word_1_269' title='bbox 521 4244 566 4299; x_wconf 84' lang='lat' dir='ltr'><strong>Ex</strong></span> <span class='ocrx_word' id='word_1_270' title='bbox 579 4244 681 4301; x_wconf 81' lang='lat' dir='ltr'><strong>codice</strong></span> <span class='ocrx_word' id='word_1_271' title='bbox 695 4244 815 4319; x_wconf 60' lang='grc' dir='ltr'><strong>Καμεὶ.</strong></span> <span class='ocrx_word' id='word_1_272' title='bbox 827 4246 855 4314; x_wconf 86' lang='grc' dir='ltr'><strong>Ι,</strong></span> <span class='ocrx_word' id='word_1_273' title='bbox 868 4244 919 4303; x_wconf 81' lang='lat' dir='ltr'><strong>fol.</strong></span> <span class='ocrx_word' id='word_1_274' title='bbox 932 4258 993 4299; x_wconf 64' lang='grc' dir='ltr'><strong>ποτ.</strong></span> 
     </span>
    </p>

    <p class='ocr_par' dir='ltr' id='par_1_17' title="bbox 472 4332 973 4407">
     <span class='ocr_line' id='line_1_34' title="bbox 472 4332 973 4407; baseline 0.004 -18"><span class='ocrx_word' id='word_1_275' title='bbox 472 4338 484 4368; x_wconf 72' lang='grc'>’</span> <span class='ocrx_word' id='word_1_276' title='bbox 522 4332 600 4389; x_wconf 85' lang='lat' dir='ltr'><strong>Vide</strong></span> <span class='ocrx_word' id='word_1_277' title='bbox 612 4334 767 4407; x_wconf 75' lang='lat' dir='ltr'><strong>epistolam</strong></span> <span class='ocrx_word' id='word_1_278' title='bbox 780 4334 973 4407; x_wconf 71' lang='lat' dir='ltr'><strong>superiorem.</strong></span> 
     </span>
    </p>

    <p class='ocr_par' dir='ltr' id='par_1_18' title="bbox 418 4422 1638 4587">
     <span class='ocr_line' id='line_1_35' title="bbox 473 4422 1638 4497; baseline 0 -18"><span class='ocrx_word' id='word_1_279' title='bbox 473 4426 485 4457; x_wconf 86' lang='lat'><strong>³</strong></span> <span class='ocrx_word' id='word_1_280' title='bbox 521 4424 567 4479; x_wconf 82' lang='lat' dir='ltr'><strong>De</strong></span> <span class='ocrx_word' id='word_1_281' title='bbox 576 4422 779 4497; x_wconf 80' lang='lat' dir='ltr'><strong>gratiis,quae</strong></span> <span class='ocrx_word' id='word_1_282' title='bbox 789 4423 826 4479; x_wconf 76' lang='lat' dir='ltr'><strong>iis</strong></span> <span class='ocrx_word' id='word_1_283' title='bbox 835 4423 1008 4497; x_wconf 79' lang='lat' dir='ltr'><strong>precatoriis</strong></span> <span class='ocrx_word' id='word_1_284' title='bbox 1016 4422 1321 4497; x_wconf 75' lang='lat' dir='ltr'><strong>globuliupontifice</strong></span> <span class='ocrx_word' id='word_1_285' title='bbox 1331 4439 1465 4481; x_wconf 75' lang='lat' dir='ltr'>annexae</span> <span class='ocrx_word' id='word_1_286' title='bbox 1473 4432 1552 4493; x_wconf 72' lang='lat' dir='ltr'><strong>nunt,</strong></span> <span class='ocrx_word' id='word_1_287' title='bbox 1560 4436 1638 4495; x_wconf 72' lang='lat' dir='ltr'><strong>supa</strong></span> 
     </span>
     <span class='ocr_line' id='line_1_36' title="bbox 418 4514 802 4587; baseline 0 -16"><span class='ocrx_word' id='word_1_288' title='bbox 418 4515 546 4587; x_wconf 71' lang='lat' dir='ltr'><strong>egimus,</strong></span> <span class='ocrx_word' id='word_1_289' title='bbox 561 4514 615 4587; x_wconf 85' lang='lat' dir='ltr'><strong>IV,</strong></span> <span class='ocrx_word' id='word_1_290' title='bbox 628 4526 681 4585; x_wconf 83' lang='lat'><strong>575</strong></span> <span class='ocrx_word' id='word_1_291' title='bbox 694 4522 726 4570; x_wconf 86' lang='lat' dir='ltr'><strong>et</strong></span> <span class='ocrx_word' id='word_1_292' title='bbox 738 4514 802 4585; x_wconf 86' lang='lat'><strong>576.</strong></span> 
     </span>
    </p>

    <p class='ocr_par' dir='ltr' id='par_1_19' title="bbox 472 4602 1416 4678">
     <span class='ocr_line' id='line_1_37' title="bbox 472 4602 1416 4678; baseline 0.002 -19"><span class='ocrx_word' id='word_1_293' title='bbox 472 4607 485 4640; x_wconf 80' lang='lat'><strong>⁴</strong></span> <span class='ocrx_word' id='word_1_294' title='bbox 521 4604 611 4660; x_wconf 77' lang='lat' dir='ltr'>Maria</span> <span class='ocrx_word' id='word_1_295' title='bbox 623 4603 672 4660; x_wconf 83' lang='lat' dir='ltr'><strong>del</strong></span> <span class='ocrx_word' id='word_1_296' title='bbox 686 4604 794 4675; x_wconf 83' lang='lat' dir='ltr'><strong>Gesso,</strong></span> <span class='ocrx_word' id='word_1_297' title='bbox 806 4602 845 4660; x_wconf 83' lang='lat' dir='ltr'><strong>de</strong></span> <span class='ocrx_word' id='word_1_298' title='bbox 856 4622 915 4678; x_wconf 78' lang='lat' dir='ltr'><strong>qua</strong></span> <span class='ocrx_word' id='word_1_299' title='bbox 928 4603 957 4660; x_wconf 89' lang='lat' dir='ltr'><strong>in</strong></span> <span class='ocrx_word' id='word_1_300' title='bbox 970 4603 1097 4678; x_wconf 75' lang='lat' dir='ltr'><strong>epistola</strong></span> <span class='ocrx_word' id='word_1_301' title='bbox 1109 4602 1261 4678; x_wconf 78' lang='lat' dir='ltr'><strong>superiore</strong></span> <span class='ocrx_word' id='word_1_302' title='bbox 1273 4605 1382 4677; x_wconf 71' lang='lat' dir='ltr'><strong>agitat.</strong></span> <span class='ocrx_word' id='word_1_303' title='bbox 1411 4612 1416 4620; x_wconf 86' lang='lat'>&#39;</span> 
     </span>
    </p>
   </div>
   <div class='ocr_carea' id='block_1_8' title="bbox 0 0 1791 5409">
    <p class='ocr_par' dir='ltr' id='par_1_20' title="bbox 0 0 1791 5409">
     <span class='ocr_line' id='line_1_38' title="bbox 0 0 1791 5409; baseline 0 0"><span class='ocrx_word' id='word_1_304' title='bbox 0 0 1791 5409; x_wconf 95' lang='lat' dir='ltr'><strong> </strong></span> 
     </span>
    </p>
   </div>
  </div>
 </body>
</html>
