3567 5409
470 466 574 521 Ecrsr.
595 462 753 533 ὀρύα-19
770 462 973 518 semensas
993 459 1063 531 1553
1293 458 1348 529 49ss

154 644 195 690 se
209 622 328 711 doppio
344 624 364 689 ὲ
380 620 453 709 ρίὺ,
471 617 670 711 haueriamo
685 616 744 705 piu
760 614 910 703 piacere,
928 626 963 684 et
982 615 1012 682 si
1033 620 1129 703 petra
1150 616 1274 703 pigliar
1293 614 1327 682 di
1349 615 1381 681 li

158 739 193 807 in
210 740 372 807 credenza
388 749 425 804 et
440 734 576 823 pagarsi
592 732 627 801 di
642 731 747 819 quelli
763 732 872 799 dinari
888 736 953 799 che
968 732 1057 801 deue
1068 731 1092 797 il
1104 731 1251 820 collegio
1262 733 1307 802 de
1320 734 1384 800 Pa-

156 856 259 924 lermo
278 864 313 922 et
333 851 526 921 Monrreale
546 872 608 938 per
628 861 733 917 conto
753 849 842 918 delle
863 848 946 916 robe
965 848 1021 915 del
1045 850 1107 915 Dr.
1131 848 1268 918 Torres.
1291 848 1384 916 Etsi

156 967 223 1039 ben
236 970 259 1037 li
275 970 398 1038 fratelli
422 967 519 1036 siano
539 965 668 1056 partiti,
690 966 795 1035 credo
816 966 845 1031 si
865 963 1002 1051 puotria
1021 965 1164 1033 mandar
1184 962 1219 1031 in
1240 966 1386 1051 qualche

158 1086 306 1173 nauiglio
322 1085 531 1173 passagiero.
1344 1162 1351 1177 ἱ

222 1204 268 1269 La
282 1222 387 1269 causa
402 1202 447 1269 de
462 1220 531 1265 non
549 1200 691 1265 mandat
707 1220 727 1265 a
742 1199 786 1266 V.
806 1200 846 1265 R.
864 1196 898 1264 la
913 1208 1018 1283 gente
1034 1198 1206 1265 destinata
1221 1220 1283 1285 per
1299 1196 1385 1267 Sici-

156 1316 199 1385 lia
217 1319 235 1384 ὲ
254 1328 405 1404 aspettar
424 1316 571 1403 qualche
593 1314 742 1383 uiaticho
763 1316 829 1383 che
850 1313 987 1401 portino
1008 1312 1114 1399 quelli
1135 1314 1203 1381 che
1222 1314 1386 1383 manderi

157 1434 199 1502 V.
215 1436 256 1504 R.
273 1434 309 1500 in
325 1456 403 1520 qua.

221 1550 353 1636 Questa
368 1549 490 1617 lettera
504 1570 564 1635 per
577 1524 751 1616 Monreale
767 1546 798 1613 ci
814 1546 836 1612 l'
854 1547 901 1613 ha
916 1545 1167 1615 riccomandata
1185 1546 1387 1634 monsignor

154 1664 325 1733 'l'homaso
341 1664 446 1733 Gilio.
464 1666 508 1733 V.
529 1666 570 1731 R.
588 1665 621 1731 la
636 1662 744 1731 faccia
760 1662 938 1731 indrizare.

222 1784 275 1850 De
290 1784 401 1849 Roma
418 1782 460 1848 28
476 1780 520 1848 de
535 1780 729 1849 Settembre
749 1794 845 1863 1553.

223 1900 258 1967 A
272 1908 394 1985 queste
411 1897 498 1965 altre
513 1894 616 1965 etiam
634 1894 742 1962 faccia
758 1894 803 1961 V.
824 1896 864 1961 R.
883 1895 957 1961 dar'
976 1894 1141 1981 recapito.

224 2016 420 2100 Inscriptio.
442 2015 509 2081 Per
525 2012 549 2077 il
564 2010 752 2079 medesimo
769 2010 886 2097 [Mtr0.
904 2008 1128 2103 Gieronimo].
1235 2018 1238 2025 '

719 2177 824 2258 378⁰

472 2306 612 2380 PATRI
637 2308 854 2376 ADRIANO
879 2308 1077 2377 ADRIANl

540 2452 631 2496 noua
646 2450 680 2510 ¹9
690 2450 889 2495 sternuente
903 2438 973 2511 ¹55³
985 2440 1005 2497 ¹.
1114 2483 1116 2486 .
1377 2486 1380 2498 .

158 2558 240 2615 Socii
254 2555 388 2613 ἱουαηίο
399 2556 486 2611 missi
495 2556 528 2611 in
542 2556 669 2611 Italiam
683 2556 807 2629 sospites
819 2557 1070 2613 venerunt-Da
1077 2554 1189 2631 jacobo
1202 2556 1391 2613 Aldanardc.

212 2647 417 2717 -Quintinus
429 2663 484 2702 cur
494 2644 650 2718 profectus
662 2664 724 2701 non
730 2644 933 2718 fuerit.-De
949 2646 1104 2704 Gratielmo
1117 2666 1137 2702 a
1156 2647 1298 2705 Pictas-ia
1315 2651 1344 2702 et
1356 2648 1392 2703 de

206 2740 352 2810 potestate
365 2737 407 2792 ad
423 2735 585 2807 collegium
606 2733 735 2791 Louanii
746 2737 822 2805 jure
842 2738 929 2809 regio
948 2738 1286 2794 constituendum—Dc
1303 2735 1392 2792 Theo·

209 2830 311 2884 dorico
324 2825 451 2897 aliisque
462 2826 551 2881 sociis
564 2825 678 2881 Romae
691 2826 962 2881 commorantibus.
970 2826 1096 2882 —Petro
1114 2826 1239 2899 Sffigne,
1256 2844 1334 2882 novo
1345 2843 1393 2883 sa-

211 2918 337 2985 oerdoti,
343 2916 538 2989 gratulatur.

740 3027 820 3124 lhi1s

230 3176 301 3241 Pax
318 3172 460 3243 Christi.

229 3288 438 3359 Charissime
454 3288 491 3355 in
507 3288 647 3356 Christo
665 3290 779 3357 Pater.

228 3404 437 3493 Accepimus
454 3406 494 3471 T.
514 3406 554 3471 R.
574 3404 702 3486 literas²
724 3422 763 3489 17
780 3404 934 3491 Augusti
950 3405 994 3473 ad
1010 3426 1073 3472 nos
1090 3406 1223 3489 missas,
1239 3429 1299 3493 per
1311 3428 1397 3493 quas

165 3516 393 3591 ‘intelleximus
421 3522 465 3589 de
486 3517 697 3607 profectione
718 3540 780 3587 sex
802 3520 945 3587 fratrum
969 3522 995 3601 ¹,
1018 3523 1061 3589 de
1081 3542 1227 3607 quorum
1252 3523 1395 3609 appulsu

168 3635 357 3717 inltaliam,
377 3638 519 3703 fratrum
537 3645 739 3703 uenetorum
757 3634 864 3703 literis
881 3636 1123 3705 intelleximus.
1143 3638 1335 3707 Incolumes
1356 3659 1398 3705 eo

169 3762 395 3836 peruenerant
409 3762 445 3819 et
460 3750 557 3818 breui
575 3752 719 3819 Romam
736 3764 903 3819 uenturos
920 3774 1110 3839 speramus.

231 3871 285 3936 De
306 3872 400 3955 Mag.
425 3866 580 3935 Arnoldo
601 3868 613 3901 ⁸
637 3869 703 3934 hoc
724 3866 967 3950 intelleximus,
991 3870 1084 3955 quod
1106 3867 1276 3951 Uenetiis,
1299 3879 1400 3956 prout

170 3984 422 4071 scripseramus,
452 3980 619 4050 substitit.
642 3984 736 4071 Mag.
758 3985 953 4072 Johannem
982 3985 1224 4071 Cuspoeanum
1245 3984 1401 4053 Viennae

170 4099 402 4169 detinuerunt.

233 4218 285 4283 De
302 4217 396 4302 Mag.
411 4215 543 4303 Jacobo
560 4214 773 4281 Aldernardo
791 4217 902 4301 plura,
922 4225 961 4281 ut
976 4238 1090 4303 spem,
1108 4215 1276 4285 intellexit
1292 4218 1339 4287 U.
1356 4218 1401 4287 R.

174 4348 229 4415 per
254 4330 392 4399 ultimas
420 4341 553 4397 nostras
575 4328 703 4411 literas,
727 4352 828 4417 quam
852 4331 948 4418 prius
968 4331 1195 4403 intellexerat.
1220 4333 1402 4419 Exemplar

174 4444 355 4529 literarum,
374 4468 460 4533 quas
476 4446 548 4531 ipse
564 4467 682 4513 secum
695 4448 906 4530 conferebat,
920 4447 976 4515 hic
988 4448 1133 4518 mittam.

226 4622 233 4652 ¹
269 4618 313 4673 Ex
327 4616 429 4672 codice
443 4617 562 4689 Regest.
576 4616 602 4679 Ι,
617 4614 668 4671 iol.
680 4630 727 4685 29.

222 4710 234 4743 ¹
269 4707 453 4777 Focaneus,
469 4706 591 4771 chron„
607 4704 660 4777 ΙΙΙ,
675 4705 727 4761 283
740 4714 770 4761 et
784 4705 851 4775 284.
1153 4708 1165 4739 ³
1201 4706 1331 4766 Concho.
