3567 5409
414 473 468 531 472
793 462 1002 521 Morounda
1021 466 1201 523 lonarrnna

379 623 461 706 pud,
480 638 546 689 con
563 624 614 689 far
629 623 745 707 quello
756 626 821 691 che
833 624 904 710 pud
918 633 954 693 et
966 624 1084 693 lassar'
1098 623 1122 690 il
1138 635 1230 695 resto
1246 647 1266 694 a
1281 623 1396 693 iddio..
1406 622 1507 694 Seria
1520 624 1603 691 bene

377 740 444 807 che
459 739 481 804 l'
501 749 577 806 orto
594 738 676 807 fossi
692 740 823 807 affitato
840 762 860 807 a
875 739 933 807 chi
948 742 971 806 l’
989 728 1357 821 auoesiacontinuare',
1371 751 1408 807 et
1422 762 1493 809 non
1508 740 1543 807 lo
1556 739 1602 805 la-

352 884 356 891 ·
378 853 487 920 sciare
504 854 650 937 roinare;
669 876 725 921 ma
745 855 775 923 si
795 855 861 923 ben
883 855 1048 937 rouinasi,
1074 857 1092 923 ὲ
1109 856 1237 944 meglio
1257 859 1323 925 ohe
1343 856 1464 925 rouine
1484 856 1510 922 l'
1532 866 1604 923 orto

376 971 444 1047 ,che
468 971 500 1037 la
522 992 607 1058 pace
632 982 759 1038 nostra.
785 973 839 1041 De
861 972 948 1039 darli
970 994 1032 1059 per
1054 971 1078 1039 il
1100 992 1206 1041 censo
1224 994 1295 1039 non
1316 973 1354 1039 fu
1373 970 1441 1039 mai
1464 981 1602 1059 pensato

378 1106 460 1171 qua,
477 1088 577 1153 masi
593 1088 681 1155 bene
697 1088 720 1154 l'
738 1088 835 1155 afitto
850 1088 886 1155 d’
902 1088 985 1169 essi,
1002 1090 1131 1176 perche
1144 1110 1216 1155 non
1231 1088 1262 1155 ci
1279 1098 1405 1174 poteua
1421 1088 1467 1155 ne
1480 1108 1603 1155 conue-

377 1223 469 1270 neua
484 1202 546 1269 dar
561 1204 593 1269 la
609 1204 775 1291 propieta.

446 1319 513 1387 Per
528 1319 643 1405 quella
658 1321 702 1387 de
718 1336 737 1405 5
755 1320 811 1387 del
827 1332 986 1408 presente
1001 1320 1078 1389 dioe
1093 1321 1138 1388 V.
1156 1322 1198 1389 R.
1217 1320 1332 1390 chela
1351 1329 1497 1407 patrona
1515 1318 1600 1385 della

377 1454 459 1501 casa
473 1436 577 1501 uuole
593 1456 687 1504 esser
707 1447 845 1523 pagata,
869 1456 890 1503 o
911 1457 996 1505 uero
1017 1439 1080 1503 che
1101 1435 1228 1505 uadino
1248 1436 1328 1502 Iuor
1343 1434 1387 1503 de
1406 1454 1498 1501 casa.
1517 1436 1599 1500 Pare

377 1550 467 1617 seria
482 1551 525 1617 de
545 1572 709 1638 procurat
729 1528 790 1639 per
811 1552 868 1619 uia
883 1550 964 1619 deili
984 1552 1172 1638 sopradetti
1193 1553 1258 1619 che
1278 1553 1369 1618 fosse
1383 1548 1598 1618 satisfattah

376 1665 481 1748 dona;
499 1676 534 1733 et
549 1665 578 1733 si
594 1667 661 1736 ben
678 1690 747 1735 non
764 1690 911 1755 pagasse
925 1670 1048 1736 adesso
1070 1669 1103 1735 la
1122 1668 1308 1748 comunita,
1330 1687 1399 1734 con
1419 1674 1597 1753 premetter

376 1802 397 1848 a
413 1784 623 1867 qualchun0‚
643 1782 733 1853 forse
752 1783 776 1849 li
796 1785 1029 1871 prestarebbe.
1051 1784 1202 1870 Quando
1222 1782 1306 1871 ogni
1321 1804 1402 1852 cosa
1418 1782 1595 1850 manehidi

377 1898 422 1980 lo,
440 1898 624 1989 bisognera
639 1902 705 1969 che
719 1900 755 1966 di
771 1921 839 1985 qua
854 1900 878 1966 li
893 1902 1109 1969 sercharemo
1125 1900 1265 1987 prestari
1276 1900 1389 1967 insino
1401 1922 1421 1967 a
1433 1910 1528 1967 tanto
1536 1900 1595 1966 che

377 2016 485 2103 paghi
500 2016 533 2083 la
548 2016 737 2100 comunitd‚
755 2014 813 2107 [et]
830 2018 863 2083 lo
880 2018 1016 2084 faremo.
1034 2015 1101 2085 Dio
1117 2018 1158 2085 N.
1177 2018 1215 2086 S.
1234 2015 1265 2084 ei
1286 2016 1434 2104 aggiuti,
1456 2018 1520 2083 che
1536 2036 1592 2081 oon

377 2132 502 2199 effecto
523 2131 611 2199 assai
631 2132 774 2199 sterilitd
796 2131 824 2199 si
840 2130 855 2171 ‘¹
877 2144 1000 2199 truoua
1016 2130 1052 2198 in
1072 2154 1175 2220 paese
1191 2144 1288 2199 tanto
1305 2131 1416 2201 fertile
1431 2152 1528 2202 corne
1540 2130 1593 2198 Ii·

377 2247 459 2314 uoii.
479 2248 526 2317 Se
541 2249 573 2315 la
589 2247 694 2315 carini
711 2258 811 2315 santa
825 2246 861 2314 in
878 2246 935 2315 noi
953 2248 1033 2314 tutti
1049 2248 1142 2316 fosse
1157 2248 1224 2315 ben
1240 2247 1405 2335 piantata,
1418 2247 1496 2315 altri
1507 2244 1594 2315 frutti

376 2363 405 2429 si
434 2364 626 2432 uedereano
649 2363 684 2430 di
708 2363 820 2449 quelli.
846 2364 919 2431 Pur
940 2364 974 2430 la
996 2362 1160 2451 patient-ia
1184 2385 1204 2429 a
1224 2364 1257 2430 la
1277 2364 1324 2431 fin
1345 2364 1365 2432 ὲ
1385 2386 1447 2481 per
1467 2363 1594 2431 uinoere

375 2479 459 2569 ogni
475 2500 569 2549 cosa.

443 2599 502 2669 Sia
518 2622 583 2667 con
601 2598 681 2665 tutti
693 2600 778 2687 Jesit
793 2596 858 2665 X.⁰

442 2717 476 2785 A
490 2718 592 2785 Mtro.
608 2716 725 2786 Pietro
738 2727 773 2783 et
785 2716 818 2782 al
831 2715 965 2784 fratello
978 2712 1135 2782 Antonio
1147 2664 1253 2780 rnolto
1265 2711 1296 2780 ci
1308 2714 1592 2781 raccomandamo.

442 2834 497 2900 De
513 2834 621 2901 Roma
642 2852 681 2918 13
697 2834 741 2901 de
756 2832 952 2901 Settembre
973 2847 1068 2916 1553.

442 2950 638 3035 Inscriptio.
657 2950 692 3016 A
708 2946 834 3030 Tmoli,
853 2970 872 3014 a
889 2950 993 3017 Mtro.
1011 2945 1202 3016 Desiderio.

443 3165 528 3231 Post
544 3163 672 3231 scritta.
688 3166 744 3232 Vn
757 3165 888 3251 grande
900 3162 1012 3231 amico
1024 3177 1153 3245 nostro,
1166 3162 1338 3229 chiamato
1351 3163 1454 3229 Mtro.
1467 3160 1593 3227 Thino-

375 3290 446 3363 teo,
469 3281 596 3347 andard
614 3280 649 3347 in
665 3280 779 3348 Tiuoli
796 3280 820 3345 il
836 3280 992 3360 sabbato,
1011 3300 1108 3346 come
1123 3278 1156 3346 ei
1172 3280 1312 3360 adett0,
1327 3289 1363 3347 et
1374 3277 1423 3345 lui
1436 3272 1593 3344 haueriaa

374 3418 456 3463 caro
480 3396 514 3462 di
538 3396 702 3483 allogiare
723 3396 758 3463 in
780 3418 859 3463 casa
880 3407 1010 3477 nostra,
1032 3416 1094 3481 per
1114 3405 1185 3462 star
1207 3395 1284 3462 fuor
1302 3396 1338 3460 d'
1360 3393 1498 3461 ostaria.
1519 3389 1593 3459 L'i

375 3523 481 3579 statto
497 3514 592 3580 detto
608 3515 672 3580 che
689 3512 801 3580 Tiuoli
819 3512 837 3579 ὲ
854 3534 952 3580 come
964 3513 988 3578 i'
1004 3510 1110 3593 India,
1124 3520 1160 3578 et
1171 3510 1251 3603 de[l]
1262 3531 1373 3597 puoco
1384 3508 1525 3577 hordine
1535 3507 1595 3573 che

373 3626 405 3693 c’
422 3629 441 3695 ἐ
457 3640 477 3694 ⁸.
497 3629 581 3697 Seri
598 3629 642 3695 de
657 3630 869 3696 accaresarlo
885 3640 1015 3716 quanto
1030 3629 1088 3694 all'
1107 3626 1191 3707 uito;
1209 3648 1265 3694 ma
1276 3625 1326 3692 lui
1337 3648 1406 3693 non
1418 3646 1498 3712 pare
1508 3644 1544 3690 se
1556 3642 1594 3688 ne

374 3765 458 3811 cure
472 3745 515 3812 de
531 3745 618 3811 altro
631 3766 669 3813 se
685 3766 754 3811 non
770 3744 860 3811 della
876 3743 1005 3830 quiete,
1023 3754 1092 3809 etc.
1111 3744 1157 3812 V.
1175 3744 1218 3809 R.
1235 3739 1381 3809 fifaccia
1393 3742 1455 3807 dar
1466 3760 1532 3807 una
1545 3759 1593 3804 ca·

376 3882 470 3929 mera
486 3872 521 3929 et
540 3860 562 3925 li
581 3860 764 3931 osferischa
783 3861 982 3927 con-buona
1005 3858 1148 3927 uolunta
1169 3857 1284 3944 quello
1305 3859 1371 3924 che
1390 3856 1471 3943 pud.
1492 3855 1593 3923 Penso

374 3978 441 4043 che
462 3976 510 4044 lui
523 3978 621 4044 uorra
640 3979 728 4047 farse
744 3978 776 4044 le
791 3998 907 4063 spese.
931 3976 1007 4043 Con
1020 3985 1142 4061 questo
1154 3975 1185 4041 si
1198 3974 1269 4040 sara
1282 3974 1325 4041 de
1336 3983 1435 4061 parte
1445 3974 1488 4040 de
1499 3972 1541 4038 V.
1554 3969 1590 4035 R.

375 4091 398 4156 i'
423 4092 539 4159 officio
555 4095 662 4172 detto,
686 4092 863 4161 Iacciendo
879 4103 984 4159 conto
1003 4093 1069 4159 che
1083 4090 1103 4157 ὲ
1118 4088 1230 4158 amieo
1247 4100 1367 4157 nostro
1381 4100 1418 4155 et
1433 4110 1453 4155 a
1467 4084 1522 4153 chi
1535 4083 1592 4151 sia·

376 4228 433 4275 mo
450 4211 556 4276 rnolto
573 4206 765 4275 fdebbitori
780 4208 816 4275 in
831 4208 993 4275 Domino.
1012 4208 1090 4275 Non
1107 4227 1214 4294 penso
1230 4207 1294 4274 che
1310 4202 1401 4272 stari
1418 4202 1477 4293 pin
1490 4202 1594 4284 de3o

376 4325 459 4408 4di‚
474 4345 576 4392 onon
593 4328 686 4393 forse
703 4336 813 4393 tanto.

445 4442 642 4527 Inscriptio.
664 4442 729 4509 Per
747 4440 771 4507 il
787 4440 990 4510 medesimo.

438 4650 453 4691 d
490 4648 588 4703 cims.
627 4646 886 4705 -echeciems
924 4644 1140 4701 -fmoltimn
