3567 5409
32 30 563 223 r
660 294 665 305 .

468 556 571 609 Error.
592 551 673 621 3706.
688 564 748 619 -27
770 549 1004 621 Annosr11553
1261 564 1314 621 4¹9

124 710 190 777 che
205 707 358 793 quindeci
374 707 410 777 di
428 709 461 775 fa
477 705 591 775 scrissi
608 730 628 773 a
649 709 693 775 V.
717 708 805 776 Sria.
829 708 854 785 ²,
877 705 902 771 li
925 707 1132 802 responderi>
1152 703 1228 791 pur’
1248 727 1268 772 a
1287 726 1351 773 sua

125 824 254 905 lettera,
271 824 417 891 dicendo
434 826 499 892 che
515 822 561 888 mi
581 824 753 911 persuado
769 826 812 891 V.
833 821 921 892 Sria.
940 822 1024 908 parli
1044 825 1109 889 che
1130 834 1228 891 sente
1249 844 1352 888 sanza

126 940 303 1021 afectione;
322 951 357 1007 et
372 961 438 1005 con
454 950 575 1024 questo
591 940 624 1005 la
641 950 769 1006 uenuta
786 937 819 1005 d'
836 938 1026 1007 Ottauiano
1042 938 1054 973 ⁸
1071 960 1142 1005 non
1163 939 1195 1005 la
1216 938 1351 1025 pootria

127 1056 161 1121 io
182 1054 331 1123 ordinare
351 1076 416 1121 con
438 1056 552 1120 buona
575 1055 796 1133 conscientia,
821 1054 981 1121 temendo
1001 1054 1049 1119 lui
1071 1065 1167 1120 tanto
1191 1054 1352 1139 ragione-

130 1174 296 1239 uolmente
310 1171 334 1237 il
350 1161 531 1237 disturbo²
543 1183 577 1238 et
589 1170 831 1257 impedimento
849 1172 904 1237 nel
920 1171 1068 1257 profetto
1083 1191 1147 1236 suo
1162 1169 1350 1256 spirituale.

132 1288 174 1352 Et
194 1286 218 1353 si
238 1290 304 1356 ben
325 1288 374 1352 lui
394 1310 465 1353 non
486 1287 519 1353 lo
540 1297 697 1365 temesse,
719 1286 753 1352 la
773 1284 914 1373 ragione
936 1296 1063 1353 mostra
1083 1284 1169 1373 ogni
1188 1286 1222 1352 di
1243 1286 1293 1351 sia
1309 1285 1352 1352 da

133 1413 265 1485 temere,
283 1404 408 1489 perche
426 1404 583 1481 madona,
602 1424 664 1469 sua
685 1404 813 1481 madre,
840 1424 908 1468 non
932 1402 966 1467 lo
988 1402 1185 1468 lassarebbe
1208 1401 1353 1488 pacifico

132 1518 165 1585 in
188 1519 316 1605 Napoli,
339 1518 485 1603 puoichd
506 1517 549 1585 ne
570 1518 682 1585 anche
702 1516 737 1583 in
759 1515 875 1585 Sicilia
896 1517 929 1582 lo
949 1515 1065 1584 lascia.
1088 1518 1132 1583 Et
1149 1538 1218 1583 non
1235 1516 1263 1583 si
1280 1538 1355 1583 ma-

134 1636 254 1723 ravegli
268 1637 310 1701 V.
328 1636 415 1703 Sria.
431 1635 499 1702 che
511 1633 543 1699 io
560 1644 657 1701 senta
674 1654 742 1699 non
759 1632 787 1699 si
802 1633 891 1699 deua
908 1632 969 1699 dar
985 1644 1106 1717 questa
1121 1632 1355 1699 consolatione

136 1752 196 1819 alla
216 1752 331 1817 madre
355 1771 419 1815 con
445 1759 539 1816 tanta
562 1771 662 1835 spesa
685 1750 738 1817 del
764 1748 907 1837 figliolo.
927 1750 970 1815 Et
994 1761 1116 1835 questa
1136 1750 1156 1815 ὁ
1176 1748 1209 1815 la
1230 1770 1356 1815 comun

137 1868 281 1933 doctrina
296 1879 332 1934 et
348 1866 476 1952 pratica
492 1866 571 1933 delli
588 1865 676 1931 santi
692 1876 727 1933 et
747 1867 790 1932 de
812 1864 891 1931 tutti
912 1864 935 1929 li
957 1866 1048 1933 serui
1069 1866 1112 1931 de
1133 1865 1212 1932 Dio.
1236 1867 1280 1931 Et
1301 1887 1354 1933 es·

138 1984 238 2052 sendo
261 1982 481 2069 ragioneuole
501 1984 532 2047 la
549 2003 611 2048 sna
627 1982 756 2062 madre,
774 1980 906 2067 poteria
924 1981 1131 2048 contentarsi
1147 1982 1358 2050 intendendo

139 2102 197 2167 che
207 2099 251 2165 lui
263 2110 316 2165 sta
327 2120 448 2175 sann0,
463 2108 497 2165 et
509 2096 639 2182 impara
651 2098 770 2165 lettere
787 2108 821 2162 et
838 2096 942 2176 uirtb,
960 2110 996 2163 et
1011 2095 1047 2162 in
1063 2097 1120 2163 doi
1137 2118 1160 2164 o
1177 2108 1228 2165 tre
1245 2096 1358 2183 giorni

141 2216 173 2281 d'
190 2214 298 2301 niagio
314 2214 343 2279 si
360 2214 428 2299 pub
444 2214 571 2280 andare
587 2233 608 2278 o
625 2233 709 2280 uero
726 2222 860 2278 tornare
875 2213 918 2279 de
934 2212 1059 2298 Napoli
1075 2235 1095 2279 a
1111 2213 1202 2279 doue
1222 2212 1269 2277 lui
1290 2224 1355 2279 sta.

141 2330 182 2397 Et
200 2352 265 2396 non
286 2330 304 2397 ὲ
324 2328 367 2396 lei
388 2330 420 2395 la
441 2327 547 2414 prima
568 2328 684 2395 madre
704 2326 748 2395 de
767 2326 886 2413 figlioli
909 2327 1071 2414 religiosi.
1095 2330 1139 2395 Et
1159 2350 1227 2393 non
1251 2326 1359 2395 faccia

143 2458 236 2513 conto
246 2448 278 2512 d’
293 2444 435 2511 hauerlo
448 2466 562 2529 per80,
577 2444 702 2529 perche
714 2442 771 2529 pib
790 2454 905 2529 presto
921 2446 954 2510 la
969 2443 1081 2512 debbe
1097 2445 1148 2511 far
1164 2446 1198 2510 d’
1218 2446 1359 2512 hauerlo

144 2563 362 2649 guadagnato.
390 2559 498 2639 Etsi,
523 2558 717 2625 hauendolo
740 2560 836 2625 datto
859 2580 879 2625 a
903 2560 1043 2629 seruitio
1064 2562 1098 2627 d'
1122 2582 1167 2627 un
1191 2562 1359 2648 principe,

145 2677 306 2763 patirebbe
322 2680 386 2744 che
403 2678 493 2743 fosse
509 2677 663 2754 absente,
677 2675 800 2741 habbia
817 2675 987 2760 pacientia
1003 2698 1068 2742 con
1084 2678 1117 2743 la
1133 2678 1287 2745 absentia
1302 2700 1364 2745 sua

145 2812 199 2879 per
220 2795 338 2860 alcuno
361 2814 468 2871 anno,
494 2791 669 2858 lasandolo
690 2790 723 2857 in
745 2791 887 2859 seruitio
908 2792 942 2858 d'
965 2792 1078 2873 lddio,
1101 2791 1203 2860 insin'
1224 2815 1243 2859 a
1264 2806 1360 2861 tanto

146 2911 203 2975 che
217 2910 244 2975 si
258 2908 364 2977 faccia
381 2908 440 2995 piri
456 2910 596 2985 huom0,
615 2908 733 2993 perch'
751 2908 867 2987 allora,
887 2929 954 2974 non
971 2908 1131 2976 temendo
1146 2910 1169 2975 li
1182 2887 1358 2991 contrasti,

148 3024 198 3109 pin
214 3023 403 3093 facilrnente
420 3020 540 3109 puotrd
558 3020 688 3089 redursi
705 3020 739 3087 in
757 3022 891 3108 Napoli3
910 3023 999 3089 doue
1019 3026 1078 3089 ch'
1099 3024 1233 3105 adeSSO,
1256 3030 1284 3091 s'
1307 3025 1360 3092 in·

148 3140 238 3209 tende
255 3139 444 3207 Ottauiano
459 3138 525 3203 che
541 3135 616 3204 suoi
634 3136 766 3223 parenti
782 3158 850 3203 non
866 3158 904 3204 se
920 3140 1094 3223 quietano,
1113 3141 1186 3207 fara
1201 3118 1363 3206 instantia

149 3256 206 3322 che
217 3257 248 3321 lo
259 3252 465 3341 straportino
477 3252 511 3318 in
525 3250 710 3337 Spagniao
725 3254 937 3339 Portugallo,
950 3254 1040 3321 done
1056 3256 1147 3321 forse
1163 3257 1221 3321 nol
1238 3258 1362 3324 uedera
1433 3232 1436 3239 ⁸

150 3370 208 3436 mai
227 3370 295 3457 piri.
318 3369 355 3439 Si
377 3371 442 3436 che
462 3370 506 3435 V.
530 3367 616 3436 Sria.
635 3368 667 3433 la
684 3366 804 3434 essorti
821 3350 978 3454 apigliar
995 3369 1221 3439 xianamente.
1242 3383 1364 3457 questa

150 3506 220 3551 cosa
238 3488 290 3555 del
310 3508 374 3553 sno
395 3483 537 3571 figliolo,
560 3484 616 3551 nel
637 3482 737 3568 quale
758 3481 823 3549 X.⁰
845 3493 962 3549 nostro
982 3484 1121 3570 signore
1142 3487 1187 3552 ha
1208 3487 1365 3572 maggior

151 3612 236 3686 parte
250 3604 313 3669 che
328 3600 386 3681 lei3
405 3612 439 3668 et
456 3600 538 3686 perd
553 3620 622 3664 non
639 3596 668 3664 si
684 3599 871 3685 marauegli
888 3600 947 3665 ch'
963 3599 987 3665 il
1003 3600 1132 3687 figliolo
1145 3602 1329 3687 preterisca
1341 3602 1364 3669 il

47 3714 50 3755 ³
153 3716 279 3784 seruitio
290 3728 324 3785 et
337 3714 552 3802 beneplacito
564 3715 607 3782 de
620 3714 759 3781 Christo
776 3738 796 3781 a
813 3716 927 3799 quello
943 3718 977 3783 d'
995 3739 1071 3785 essa
1086 3730 1121 3782 et
1136 3719 1366 3806 qualsiuoglia

154 3833 227 3900 altra
241 3844 410 3903 creatura.
428 3829 620 3899 Offeriscali
638 3830 738 3898 etiarn
761 3833 800 3898 V.
820 3832 909 3899 Sria.
928 3834 1005 3912 che,
1024 3834 1052 3898 si
1068 3834 1112 3901 lei
1133 3834 1161 3899 si
1182 3834 1309 3919 quieta,
1334 3836 1368 3903 io

154 3948 224 4014 dard
243 3949 359 4017 ordine
379 3951 444 4013 che
467 3946 590 4013 habbia
610 3948 730 4015 lettere
751 3945 838 4013 assai
861 3949 953 4014 uolte
974 3948 1036 4015 del'
1049 3950 1191 4035 figliolo;
1213 3951 1315 4029 doue,
1339 3952 1366 4018 si

58 4089 63 4100 ·
155 4084 212 4130 non
228 4088 262 4132 se
278 4064 405 4149 quieta,
424 4064 514 4129 forse
530 4084 599 4128 non
615 4062 646 4127 le
662 4064 790 4130 hauera
806 4062 840 4127 in
858 4063 964 4148 longo
980 4074 1104 4150 tempo,
1125 4066 1153 4131 E
1172 4066 1367 4134 finalmente

155 4176 183 4244 in
202 4182 308 4265 quello
329 4181 387 4246 ch’
410 4178 442 4245 io
464 4180 587 4265 puotro
609 4179 794 4263 procurerb
817 4178 849 4244 la
875 4198 938 4245 sua
962 4180 1213 4263 consolatione,
1239 4184 1368 4269 purch&

155 4293 195 4359 sia
211 4316 309 4363 sanza
324 4294 531 4363 detrimento
546 4292 601 4359 del
618 4294 767 4379 profetto
783 4292 958 4380 spirituale
974 4295 1029 4363 del
1046 4317 1108 4362 suo
1125 4296 1265 4383 figliolo.

162 4456 359 4471 fl———a

202 4565 214 4593 ²
246 4550 458 4607 distrurboms.

161 4688 357 4705 -ψ

204 4776 214 4811 ι
247 4778 373 4851 Epistol,
386 4774 468 4847 3540,
509 4804 510 4807 η
831 4778 842 4811 ³
881 4776 959 4833 Vide
973 4778 1128 4851 epistolam
1141 4782 1333 4854 superiorem.
