<?xml version="1.0" encoding="UTF-8"?>
<!DOCTYPE html PUBLIC "-//W3C//DTD XHTML 1.0 Transitional//EN"
    "http://www.w3.org/TR/xhtml1/DTD/xhtml1-transitional.dtd">
<html xmlns="http://www.w3.org/1999/xhtml" xml:lang="en" lang="en">
 <head>
  <title>
</title>
<meta http-equiv="Content-Type" content="text/html;charset=utf-8" />
  <meta name='ocr-system' content='tesseract 3.04.00' />
  <meta name='ocr-capabilities' content='ocr_page ocr_carea ocr_par ocr_line ocrx_word'/>
</head>
<body>
  <div class='ocr_page' id='page_1' title='image "./monumentaignati02ignagoog_0513.png"; bbox 0 0 3567 5409; ppageno 0'>
   <div class='ocr_carea' id='block_1_1' title="bbox 470 459 1382 559">
    <p class='ocr_par' dir='ltr' id='par_1_1' title="bbox 470 459 1382 559">
     <span class='ocr_line' id='line_1_1' title="bbox 470 459 1382 559; baseline 0.015 -40"><span class='ocrx_word' id='word_1_1' title='bbox 470 459 1059 534; x_wconf 72' lang='lat' dir='ltr'>Ensr.³770.-2ssrmuams1553</span> <span class='ocrx_word' id='word_1_2' title='bbox 1289 474 1344 533; x_wconf 77' lang='lat'>5⁰7</span> <span class='ocrx_word' id='word_1_3' title='bbox 1378 550 1382 559; x_wconf 25' lang='lat'><strong>⁴</strong></span> 
     </span>
    </p>
   </div>
   <div class='ocr_carea' id='block_1_2' title="bbox 114 614 1379 4275">
    <p class='ocr_par' dir='ltr' id='par_1_2' title="bbox 146 614 1379 2551">
     <span class='ocr_line' id='line_1_2' title="bbox 156 614 1379 703; baseline 0 -18"><span class='ocrx_word' id='word_1_4' title='bbox 156 615 245 685; x_wconf 83' lang='lat' dir='ltr'>circa</span> <span class='ocrx_word' id='word_1_5' title='bbox 259 630 380 685; x_wconf 89' lang='lat' dir='ltr'>nostro</span> <span class='ocrx_word' id='word_1_6' title='bbox 396 617 529 685; x_wconf 74' lang='lat' dir='ltr'>fratello</span> <span class='ocrx_word' id='word_1_7' title='bbox 546 614 732 703; x_wconf 87' lang='lat' dir='ltr'>Tarquinio</span> <span class='ocrx_word' id='word_1_8' title='bbox 741 618 770 698; x_wconf 59' lang='grc' dir='ltr'>Ρ,</span> <span class='ocrx_word' id='word_1_9' title='bbox 788 638 826 686; x_wconf 86' lang='lat' dir='ltr'>se</span> <span class='ocrx_word' id='word_1_10' title='bbox 841 615 877 683; x_wconf 92' lang='lat' dir='ltr'>in</span> <span class='ocrx_word' id='word_1_11' title='bbox 893 615 942 685; x_wconf 90' lang='lat' dir='ltr'>lui</span> <span class='ocrx_word' id='word_1_12' title='bbox 953 638 1024 684; x_wconf 91' lang='lat' dir='ltr'>non</span> <span class='ocrx_word' id='word_1_13' title='bbox 1034 616 1064 685; x_wconf 91' lang='lat' dir='ltr'>si</span> <span class='ocrx_word' id='word_1_14' title='bbox 1076 628 1175 685; x_wconf 88' lang='lat' dir='ltr'>troua</span> <span class='ocrx_word' id='word_1_15' title='bbox 1186 617 1379 688; x_wconf 85' lang='lat' dir='ltr'>diffidentia</span> 
     </span>
     <span class='ocr_line' id='line_1_3' title="bbox 153 731 1378 821; baseline 0.002 -21"><span class='ocrx_word' id='word_1_16' title='bbox 153 744 186 800; x_wconf 83' lang='lat' dir='ltr'>et</span> <span class='ocrx_word' id='word_1_17' title='bbox 207 734 252 801; x_wconf 89' lang='lat' dir='ltr'>ha</span> <span class='ocrx_word' id='word_1_18' title='bbox 272 734 366 801; x_wconf 91' lang='lat' dir='ltr'>buon</span> <span class='ocrx_word' id='word_1_19' title='bbox 384 731 500 802; x_wconf 85' lang='lat' dir='ltr'>animo</span> <span class='ocrx_word' id='word_1_20' title='bbox 520 732 555 799; x_wconf 92' lang='lat' dir='ltr'>in</span> <span class='ocrx_word' id='word_1_21' title='bbox 577 732 686 800; x_wconf 91' lang='lat' dir='ltr'>Roma</span> <span class='ocrx_word' id='word_1_22' title='bbox 705 743 741 800; x_wconf 83' lang='lat' dir='ltr'>et</span> <span class='ocrx_word' id='word_1_23' title='bbox 760 733 850 801; x_wconf 87' lang='lat' dir='ltr'>doue</span> <span class='ocrx_word' id='word_1_24' title='bbox 870 732 901 799; x_wconf 86' lang='lat' dir='ltr'>si</span> <span class='ocrx_word' id='word_1_25' title='bbox 921 731 1038 821; x_wconf 79' lang='lat' dir='ltr'>voglia</span> <span class='ocrx_word' id='word_1_26' title='bbox 1060 734 1105 802; x_wconf 87' lang='lat' dir='ltr'>de</span> <span class='ocrx_word' id='word_1_27' title='bbox 1129 736 1236 804; x_wconf 89' lang='lat' dir='ltr'>andar</span> <span class='ocrx_word' id='word_1_28' title='bbox 1262 734 1378 803; x_wconf 87' lang='lat' dir='ltr'>inanzi</span> 
     </span>
     <span class='ocr_line' id='line_1_4' title="bbox 155 847 1378 935; baseline 0.005 -22"><span class='ocrx_word' id='word_1_29' title='bbox 155 848 241 915; x_wconf 84' lang='lat' dir='ltr'>nella</span> <span class='ocrx_word' id='word_1_30' title='bbox 255 847 311 916; x_wconf 91' lang='lat' dir='ltr'>via</span> <span class='ocrx_word' id='word_1_31' title='bbox 327 848 499 935; x_wconf 83' lang='lat' dir='ltr'>relligiosa</span> <span class='ocrx_word' id='word_1_32' title='bbox 514 849 571 919; x_wconf 87' lang='lat' dir='ltr'>del</span> <span class='ocrx_word' id='word_1_33' title='bbox 586 847 705 917; x_wconf 89' lang='lat' dir='ltr'>diuino</span> <span class='ocrx_word' id='word_1_34' title='bbox 719 848 861 917; x_wconf 82' lang='lat' dir='ltr'>seruitio</span> <span class='ocrx_word' id='word_1_35' title='bbox 876 851 933 916; x_wconf 90' lang='lat' dir='ltr'>ch&#39;</span> <span class='ocrx_word' id='word_1_36' title='bbox 950 851 995 918; x_wconf 89' lang='lat' dir='ltr'>ha</span> <span class='ocrx_word' id='word_1_37' title='bbox 1009 849 1226 932; x_wconf 86' lang='lat' dir='ltr'>corninciato‚</span> <span class='ocrx_word' id='word_1_38' title='bbox 1241 852 1286 919; x_wconf 91' lang='lat' dir='ltr'>N.</span> <span class='ocrx_word' id='word_1_39' title='bbox 1302 854 1343 919; x_wconf 91' lang='lat' dir='ltr'>P.</span> <span class='ocrx_word' id='word_1_40' title='bbox 1357 853 1378 919; x_wconf 78' lang='grc' dir='ltr'>ὁ</span> 
     </span>
     <span class='ocr_line' id='line_1_5' title="bbox 151 964 1379 1053; baseline 0.004 -24"><span class='ocrx_word' id='word_1_41' title='bbox 151 974 324 1047; x_wconf 87' lang='lat' dir='ltr'>contento,</span> <span class='ocrx_word' id='word_1_42' title='bbox 340 964 417 1033; x_wconf 87' lang='lat' dir='ltr'>anzi</span> <span class='ocrx_word' id='word_1_43' title='bbox 435 964 511 1033; x_wconf 84' lang='lat' dir='ltr'>vole</span> <span class='ocrx_word' id='word_1_44' title='bbox 526 966 593 1033; x_wconf 92' lang='lat' dir='ltr'>che</span> <span class='ocrx_word' id='word_1_45' title='bbox 608 986 723 1053; x_wconf 81' lang='lat' dir='ltr'>venga</span> <span class='ocrx_word' id='word_1_46' title='bbox 737 986 759 1033; x_wconf 86' lang='lat' dir='ltr'>a</span> <span class='ocrx_word' id='word_1_47' title='bbox 775 966 895 1047; x_wconf 81' lang='lat' dir='ltr'>Roma3</span> <span class='ocrx_word' id='word_1_48' title='bbox 913 976 948 1035; x_wconf 89' lang='lat' dir='ltr'>et</span> <span class='ocrx_word' id='word_1_49' title='bbox 960 965 985 1032; x_wconf 90' lang='lat' dir='ltr'>il</span> <span class='ocrx_word' id='word_1_50' title='bbox 996 986 1061 1033; x_wconf 85' lang='lat' dir='ltr'>suo</span> <span class='ocrx_word' id='word_1_51' title='bbox 1072 966 1210 1053; x_wconf 83' lang='lat' dir='ltr'>padre⁸,</span> <span class='ocrx_word' id='word_1_52' title='bbox 1223 966 1379 1036; x_wconf 84' lang='lat' dir='ltr'>secondo</span> 
     </span>
     <span class='ocr_line' id='line_1_6' title="bbox 152 1078 1377 1169; baseline 0.002 -22"><span class='ocrx_word' id='word_1_53' title='bbox 152 1078 371 1166; x_wconf 85' lang='lat' dir='ltr'>lepromesse</span> <span class='ocrx_word' id='word_1_54' title='bbox 386 1083 443 1153; x_wconf 86' lang='lat' dir='ltr'>ch&#39;</span> <span class='ocrx_word' id='word_1_55' title='bbox 468 1082 514 1149; x_wconf 88' lang='lat' dir='ltr'>ha</span> <span class='ocrx_word' id='word_1_56' title='bbox 535 1081 621 1148; x_wconf 81' lang='lat' dir='ltr'>sarto</span> <span class='ocrx_word' id='word_1_57' title='bbox 642 1080 676 1147; x_wconf 91' lang='lat' dir='ltr'>in</span> <span class='ocrx_word' id='word_1_58' title='bbox 698 1080 818 1148; x_wconf 87' lang='lat' dir='ltr'>scritto</span> <span class='ocrx_word' id='word_1_59' title='bbox 840 1082 897 1169; x_wconf 86' lang='lat' dir='ltr'>(de</span> <span class='ocrx_word' id='word_1_60' title='bbox 916 1081 949 1149; x_wconf 83' lang='lat' dir='ltr'>le</span> <span class='ocrx_word' id='word_1_61' title='bbox 964 1081 1057 1167; x_wconf 86' lang='lat' dir='ltr'>quali</span> <span class='ocrx_word' id='word_1_62' title='bbox 1072 1104 1141 1148; x_wconf 88' lang='lat' dir='ltr'>vna</span> <span class='ocrx_word' id='word_1_63' title='bbox 1155 1081 1256 1169; x_wconf 81' lang='lat' dir='ltr'>copia</span> <span class='ocrx_word' id='word_1_64' title='bbox 1271 1093 1377 1150; x_wconf 89' lang='lat' dir='ltr'>sotto-</span> 
     </span>
     <span class='ocr_line' id='line_1_7' title="bbox 150 1194 1373 1285; baseline 0.005 -25"><span class='ocrx_word' id='word_1_65' title='bbox 150 1194 273 1282; x_wconf 78' lang='lat' dir='ltr'>scripta</span> <span class='ocrx_word' id='word_1_66' title='bbox 287 1194 324 1262; x_wconf 90' lang='lat' dir='ltr'>di</span> <span class='ocrx_word' id='word_1_67' title='bbox 340 1217 402 1263; x_wconf 87' lang='lat' dir='ltr'>sua</span> <span class='ocrx_word' id='word_1_68' title='bbox 418 1218 531 1279; x_wconf 82' lang='lat' dir='ltr'>mano,</span> <span class='ocrx_word' id='word_1_69' title='bbox 549 1207 585 1265; x_wconf 87' lang='lat' dir='ltr'>et</span> <span class='ocrx_word' id='word_1_70' title='bbox 600 1196 686 1263; x_wconf 88' lang='lat' dir='ltr'>altra</span> <span class='ocrx_word' id='word_1_71' title='bbox 702 1217 770 1265; x_wconf 88' lang='lat' dir='ltr'>non</span> <span class='ocrx_word' id='word_1_72' title='bbox 786 1196 1011 1277; x_wconf 81' lang='lat' dir='ltr'>sottoscritta,</span> <span class='ocrx_word' id='word_1_73' title='bbox 1029 1198 1155 1265; x_wconf 88' lang='lat' dir='ltr'>mando</span> <span class='ocrx_word' id='word_1_74' title='bbox 1167 1198 1232 1265; x_wconf 88' lang='lat' dir='ltr'>alla</span> <span class='ocrx_word' id='word_1_75' title='bbox 1245 1198 1287 1265; x_wconf 90' lang='lat' dir='ltr'>R.</span> <span class='ocrx_word' id='word_1_76' title='bbox 1302 1198 1373 1285; x_wconf 89' lang='lat' dir='ltr'><strong>V.)‚</strong></span> 
     </span>
     <span class='ocr_line' id='line_1_8' title="bbox 151 1310 1374 1399; baseline 0.005 -25"><span class='ocrx_word' id='word_1_77' title='bbox 151 1330 216 1375; x_wconf 90' lang='lat' dir='ltr'>nou</span> <span class='ocrx_word' id='word_1_78' title='bbox 232 1332 315 1397; x_wconf 84' lang='lat' dir='ltr'>pare</span> <span class='ocrx_word' id='word_1_79' title='bbox 329 1310 353 1378; x_wconf 91' lang='lat' dir='ltr'>li</span> <span class='ocrx_word' id='word_1_80' title='bbox 373 1312 455 1378; x_wconf 79' lang='lat' dir='ltr'>dard</span> <span class='ocrx_word' id='word_1_81' title='bbox 479 1310 628 1395; x_wconf 84' lang='lat' dir='ltr'>fastidio,</span> <span class='ocrx_word' id='word_1_82' title='bbox 651 1312 728 1379; x_wconf 89' lang='lat' dir='ltr'>anzi</span> <span class='ocrx_word' id='word_1_83' title='bbox 750 1313 842 1379; x_wconf 83' lang='lat' dir='ltr'>forsa</span> <span class='ocrx_word' id='word_1_84' title='bbox 862 1310 891 1379; x_wconf 85' lang='lat' dir='ltr'>si</span> <span class='ocrx_word' id='word_1_85' title='bbox 912 1311 1095 1399; x_wconf 75' lang='lat' dir='ltr'>aggiutara</span> <span class='ocrx_word' id='word_1_86' title='bbox 1116 1312 1374 1381; x_wconf 85' lang='lat' dir='ltr'>confessandosi</span> 
     </span>
     <span class='ocr_line' id='line_1_9' title="bbox 150 1424 1375 1514; baseline 0.002 -22"><span class='ocrx_word' id='word_1_87' title='bbox 150 1424 225 1511; x_wconf 83' lang='lat' dir='ltr'>ogni</span> <span class='ocrx_word' id='word_1_88' title='bbox 241 1426 352 1513; x_wconf 88' lang='lat' dir='ltr'>prima</span> <span class='ocrx_word' id='word_1_89' title='bbox 366 1427 546 1497; x_wconf 86' lang='lat' dir='ltr'>domenica</span> <span class='ocrx_word' id='word_1_90' title='bbox 560 1427 616 1497; x_wconf 87' lang='lat' dir='ltr'>del</span> <span class='ocrx_word' id='word_1_91' title='bbox 632 1448 737 1508; x_wconf 86' lang='lat' dir='ltr'>mese,</span> <span class='ocrx_word' id='word_1_92' title='bbox 755 1437 791 1494; x_wconf 86' lang='lat' dir='ltr'>et</span> <span class='ocrx_word' id='word_1_93' title='bbox 806 1427 975 1496; x_wconf 86' lang='lat' dir='ltr'>sentendo</span> <span class='ocrx_word' id='word_1_94' title='bbox 990 1427 1023 1495; x_wconf 90' lang='lat' dir='ltr'>la</span> <span class='ocrx_word' id='word_1_95' title='bbox 1039 1427 1157 1514; x_wconf 88' lang='lat' dir='ltr'>parola</span> <span class='ocrx_word' id='word_1_96' title='bbox 1173 1429 1217 1495; x_wconf 85' lang='lat' dir='ltr'>de</span> <span class='ocrx_word' id='word_1_97' title='bbox 1237 1428 1304 1496; x_wconf 92' lang='lat' dir='ltr'>Dio</span> <span class='ocrx_word' id='word_1_98' title='bbox 1325 1428 1375 1495; x_wconf 89' lang='lat' dir='ltr'>al·</span> 
     </span>
     <span class='ocr_line' id='line_1_10' title="bbox 146 1524 1371 1631; baseline 0.002 -25"><span class='ocrx_word' id='word_1_99' title='bbox 146 1559 231 1611; x_wconf 86' lang='lat' dir='ltr'>eune</span> <span class='ocrx_word' id='word_1_100' title='bbox 248 1544 351 1611; x_wconf 89' lang='lat' dir='ltr'>volte.</span> <span class='ocrx_word' id='word_1_101' title='bbox 369 1542 435 1611; x_wconf 92' lang='lat' dir='ltr'>Lui</span> <span class='ocrx_word' id='word_1_102' title='bbox 450 1544 496 1609; x_wconf 86' lang='lat' dir='ltr'>ha</span> <span class='ocrx_word' id='word_1_103' title='bbox 511 1524 721 1615; x_wconf 87' lang='lat' dir='ltr'>sottoscritte</span> <span class='ocrx_word' id='word_1_104' title='bbox 738 1562 757 1628; x_wconf 86' lang='lat'>3</span> <span class='ocrx_word' id='word_1_105' title='bbox 773 1542 881 1631; x_wconf 86' lang='lat' dir='ltr'>polise</span> <span class='ocrx_word' id='word_1_106' title='bbox 901 1541 937 1611; x_wconf 87' lang='lat' dir='ltr'>di</span> <span class='ocrx_word' id='word_1_107' title='bbox 963 1564 1011 1610; x_wconf 92' lang='lat' dir='ltr'>vn</span> <span class='ocrx_word' id='word_1_108' title='bbox 1031 1543 1217 1613; x_wconf 84' lang='lat' dir='ltr'>modesirno</span> <span class='ocrx_word' id='word_1_109' title='bbox 1239 1555 1371 1613; x_wconf 84' lang='lat' dir='ltr'>tenore:</span> 
     </span>
     <span class='ocr_line' id='line_1_11' title="bbox 148 1656 1374 1746; baseline 0.006 -26"><span class='ocrx_word' id='word_1_110' title='bbox 148 1677 211 1724; x_wconf 86' lang='lat' dir='ltr'>vna</span> <span class='ocrx_word' id='word_1_111' title='bbox 240 1658 390 1727; x_wconf 84' lang='lat' dir='ltr'>teniamo</span> <span class='ocrx_word' id='word_1_112' title='bbox 409 1658 480 1741; x_wconf 89' lang='lat' dir='ltr'>noi,</span> <span class='ocrx_word' id='word_1_113' title='bbox 503 1658 590 1725; x_wconf 85' lang='lat' dir='ltr'>altra</span> <span class='ocrx_word' id='word_1_114' title='bbox 611 1656 641 1727; x_wconf 83' lang='lat' dir='ltr'>si</span> <span class='ocrx_word' id='word_1_115' title='bbox 669 1659 703 1726; x_wconf 76' lang='lat' dir='ltr'>{a</span> <span class='ocrx_word' id='word_1_116' title='bbox 723 1658 958 1728; x_wconf 88' lang='lat' dir='ltr'>sottoscriuer&#39;</span> <span class='ocrx_word' id='word_1_117' title='bbox 983 1679 1043 1746; x_wconf 90' lang='lat' dir='ltr'>per</span> <span class='ocrx_word' id='word_1_118' title='bbox 1064 1657 1112 1726; x_wconf 84' lang='lat' dir='ltr'>lui</span> <span class='ocrx_word' id='word_1_119' title='bbox 1133 1659 1320 1729; x_wconf 86' lang='lat' dir='ltr'>medesiruo</span> <span class='ocrx_word' id='word_1_120' title='bbox 1339 1658 1374 1727; x_wconf 84' lang='lat' dir='ltr'>al</span> 
     </span>
     <span class='ocr_line' id='line_1_12' title="bbox 151 1772 1370 1861; baseline 0.004 -23"><span class='ocrx_word' id='word_1_121' title='bbox 151 1772 303 1841; x_wconf 80' lang='lat' dir='ltr'>cardinal</span> <span class='ocrx_word' id='word_1_122' title='bbox 318 1776 363 1844; x_wconf 84' lang='lat' dir='ltr'>de</span> <span class='ocrx_word' id='word_1_123' title='bbox 383 1774 528 1843; x_wconf 85' lang='lat' dir='ltr'>Medicis</span> <span class='ocrx_word' id='word_1_124' title='bbox 545 1774 570 1857; x_wconf 78' lang='lat'>⁴,</span> <span class='ocrx_word' id='word_1_125' title='bbox 593 1796 692 1842; x_wconf 88' lang='lat' dir='ltr'>como</span> <span class='ocrx_word' id='word_1_126' title='bbox 711 1774 925 1861; x_wconf 86' lang='lat' dir='ltr'>fidejussore;</span> <span class='ocrx_word' id='word_1_127' title='bbox 943 1776 1030 1842; x_wconf 89' lang='lat' dir='ltr'>altra</span> <span class='ocrx_word' id='word_1_128' title='bbox 1044 1774 1073 1842; x_wconf 93' lang='lat' dir='ltr'>si</span> <span class='ocrx_word' id='word_1_129' title='bbox 1092 1775 1217 1843; x_wconf 89' lang='lat' dir='ltr'>manda</span> <span class='ocrx_word' id='word_1_130' title='bbox 1232 1797 1252 1842; x_wconf 91' lang='lat' dir='ltr'>a</span> <span class='ocrx_word' id='word_1_131' title='bbox 1267 1775 1307 1843; x_wconf 91' lang='lat' dir='ltr'>V.</span> <span class='ocrx_word' id='word_1_132' title='bbox 1327 1777 1370 1844; x_wconf 87' lang='lat' dir='ltr'>R.</span> 
     </span>
     <span class='ocr_line' id='line_1_13' title="bbox 149 1888 1372 1977; baseline 0.002 -24"><span class='ocrx_word' id='word_1_133' title='bbox 149 1904 212 1955; x_wconf 77' lang='lat' dir='ltr'>uon</span> <span class='ocrx_word' id='word_1_134' title='bbox 227 1890 352 1959; x_wconf 85' lang='lat' dir='ltr'>lettera</span> <span class='ocrx_word' id='word_1_135' title='bbox 366 1891 410 1959; x_wconf 92' lang='lat' dir='ltr'>de</span> <span class='ocrx_word' id='word_1_136' title='bbox 426 1894 532 1961; x_wconf 84' lang='lat' dir='ltr'>Mtro.</span> <span class='ocrx_word' id='word_1_137' title='bbox 555 1888 694 1971; x_wconf 79' lang='lat' dir='ltr'>Cesare,</span> <span class='ocrx_word' id='word_1_138' title='bbox 713 1891 809 1959; x_wconf 83' lang='lat' dir='ltr'>accio</span> <span class='ocrx_word' id='word_1_139' title='bbox 825 1901 996 1977; x_wconf 83' lang='lat' dir='ltr'>prometta</span> <span class='ocrx_word' id='word_1_140' title='bbox 1017 1888 1041 1956; x_wconf 89' lang='lat' dir='ltr'>il</span> <span class='ocrx_word' id='word_1_141' title='bbox 1064 1889 1250 1959; x_wconf 78' lang='lat' dir='ltr'>medesimo</span> <span class='ocrx_word' id='word_1_142' title='bbox 1270 1891 1303 1959; x_wconf 89' lang='lat' dir='ltr'>la</span> <span class='ocrx_word' id='word_1_143' title='bbox 1323 1890 1372 1958; x_wconf 90' lang='lat' dir='ltr'>si·</span> 
     </span>
     <span class='ocr_line' id='line_1_14' title="bbox 148 2004 1372 2092; baseline 0.001 -21"><span class='ocrx_word' id='word_1_144' title='bbox 148 2022 253 2089; x_wconf 82' lang='lat' dir='ltr'>gnora</span> <span class='ocrx_word' id='word_1_145' title='bbox 269 2006 440 2073; x_wconf 85' lang='lat' dir='ltr'>duchessa</span> <span class='ocrx_word' id='word_1_146' title='bbox 458 2008 482 2072; x_wconf 81' lang='lat'>⁵.</span> <span class='ocrx_word' id='word_1_147' title='bbox 502 2008 595 2073; x_wconf 88' lang='lat' dir='ltr'>Pure</span> <span class='ocrx_word' id='word_1_148' title='bbox 610 2004 647 2072; x_wconf 89' lang='lat' dir='ltr'>in</span> <span class='ocrx_word' id='word_1_149' title='bbox 662 2017 783 2091; x_wconf 85' lang='lat' dir='ltr'>questa</span> <span class='ocrx_word' id='word_1_150' title='bbox 800 2014 896 2092; x_wconf 82' lang='lat' dir='ltr'>parte</span> <span class='ocrx_word' id='word_1_151' title='bbox 912 2006 957 2074; x_wconf 91' lang='lat' dir='ltr'>V.</span> <span class='ocrx_word' id='word_1_152' title='bbox 975 2005 1017 2072; x_wconf 91' lang='lat' dir='ltr'>R.</span> <span class='ocrx_word' id='word_1_153' title='bbox 1035 2026 1105 2073; x_wconf 90' lang='lat' dir='ltr'>non</span> <span class='ocrx_word' id='word_1_154' title='bbox 1121 2006 1177 2074; x_wconf 90' lang='lat' dir='ltr'>dia</span> <span class='ocrx_word' id='word_1_155' title='bbox 1189 2016 1372 2075; x_wconf 86' lang='lat' dir='ltr'>scontento</span> 
     </span>
     <span class='ocr_line' id='line_1_15' title="bbox 147 2118 1371 2208; baseline 0.002 -23"><span class='ocrx_word' id='word_1_156' title='bbox 147 2138 166 2185; x_wconf 87' lang='lat' dir='ltr'>a</span> <span class='ocrx_word' id='word_1_157' title='bbox 180 2119 215 2188; x_wconf 92' lang='lat' dir='ltr'>S.</span> <span class='ocrx_word' id='word_1_158' title='bbox 235 2124 293 2204; x_wconf 88' lang='grc' dir='ltr'>Ε.,</span> <span class='ocrx_word' id='word_1_159' title='bbox 310 2145 330 2191; x_wconf 90' lang='lat' dir='ltr'>a</span> <span class='ocrx_word' id='word_1_160' title='bbox 346 2122 404 2190; x_wconf 90' lang='lat' dir='ltr'>chi</span> <span class='ocrx_word' id='word_1_161' title='bbox 420 2123 463 2191; x_wconf 91' lang='lat' dir='ltr'>N.</span> <span class='ocrx_word' id='word_1_162' title='bbox 490 2124 534 2189; x_wconf 91' lang='lat' dir='ltr'>P.</span> <span class='ocrx_word' id='word_1_163' title='bbox 560 2119 663 2189; x_wconf 87' lang='lat' dir='ltr'>etiarn</span> <span class='ocrx_word' id='word_1_164' title='bbox 679 2121 792 2191; x_wconf 84' lang='lat' dir='ltr'>scriue</span> <span class='ocrx_word' id='word_1_165' title='bbox 808 2142 889 2202; x_wconf 81' lang='lat' dir='ltr'>vna,</span> <span class='ocrx_word' id='word_1_166' title='bbox 907 2140 976 2208; x_wconf 90' lang='lat' dir='ltr'>cuy</span> <span class='ocrx_word' id='word_1_167' title='bbox 991 2120 1090 2208; x_wconf 87' lang='lat' dir='ltr'>copia</span> <span class='ocrx_word' id='word_1_168' title='bbox 1104 2118 1163 2207; x_wconf 91' lang='lat' dir='ltr'>qui</span> <span class='ocrx_word' id='word_1_169' title='bbox 1181 2120 1317 2202; x_wconf 82' lang='lat' dir='ltr'>mando,</span> <span class='ocrx_word' id='word_1_170' title='bbox 1335 2132 1371 2190; x_wconf 89' lang='lat' dir='ltr'>et</span> 
     </span>
     <span class='ocr_line' id='line_1_16' title="bbox 147 2233 1368 2325; baseline 0.007 -28"><span class='ocrx_word' id='word_1_171' title='bbox 147 2233 198 2301; x_wconf 87' lang='lat' dir='ltr'>vn’</span> <span class='ocrx_word' id='word_1_172' title='bbox 214 2238 301 2306; x_wconf 90' lang='lat' dir='ltr'>altra</span> <span class='ocrx_word' id='word_1_173' title='bbox 320 2238 354 2306; x_wconf 88' lang='lat' dir='ltr'>al</span> <span class='ocrx_word' id='word_1_174' title='bbox 372 2236 491 2325; x_wconf 86' lang='lat' dir='ltr'>signor</span> <span class='ocrx_word' id='word_1_175' title='bbox 511 2239 580 2304; x_wconf 92' lang='lat' dir='ltr'>don</span> <span class='ocrx_word' id='word_1_176' title='bbox 600 2238 794 2305; x_wconf 87' lang='lat' dir='ltr'>Francesco</span> <span class='ocrx_word' id='word_1_177' title='bbox 814 2236 858 2306; x_wconf 88' lang='lat' dir='ltr'>de</span> <span class='ocrx_word' id='word_1_178' title='bbox 879 2236 1010 2305; x_wconf 86' lang='lat' dir='ltr'>Toledo</span> <span class='ocrx_word' id='word_1_179' title='bbox 1030 2236 1087 2303; x_wconf 89' lang='lat' dir='ltr'>del</span> <span class='ocrx_word' id='word_1_180' title='bbox 1106 2236 1295 2303; x_wconf 83' lang='lat' dir='ltr'>medesimo</span> <span class='ocrx_word' id='word_1_181' title='bbox 1317 2248 1368 2305; x_wconf 84' lang='lat' dir='ltr'>te-</span> 
     </span>
     <span class='ocr_line' id='line_1_17' title="bbox 146 2349 1368 2441; baseline 0.003 -26"><span class='ocrx_word' id='word_1_182' title='bbox 146 2370 215 2418; x_wconf 88' lang='lat' dir='ltr'>nor.</span> <span class='ocrx_word' id='word_1_183' title='bbox 234 2352 279 2419; x_wconf 92' lang='lat' dir='ltr'>Et</span> <span class='ocrx_word' id='word_1_184' title='bbox 296 2353 456 2421; x_wconf 86' lang='lat' dir='ltr'>hauendo</span> <span class='ocrx_word' id='word_1_185' title='bbox 471 2374 493 2418; x_wconf 90' lang='lat' dir='ltr'>a</span> <span class='ocrx_word' id='word_1_186' title='bbox 514 2353 701 2433; x_wconf 87' lang='lat' dir='ltr'>mandarlo,</span> <span class='ocrx_word' id='word_1_187' title='bbox 726 2372 806 2439; x_wconf 88' lang='lat' dir='ltr'>pare</span> <span class='ocrx_word' id='word_1_188' title='bbox 826 2350 903 2422; x_wconf 78' lang='lat' dir='ltr'>seru</span> <span class='ocrx_word' id='word_1_189' title='bbox 925 2352 1014 2421; x_wconf 87' lang='lat' dir='ltr'>bene</span> <span class='ocrx_word' id='word_1_190' title='bbox 1034 2373 1100 2420; x_wconf 92' lang='lat' dir='ltr'>con</span> <span class='ocrx_word' id='word_1_191' title='bbox 1121 2352 1154 2421; x_wconf 87' lang='lat' dir='ltr'>la</span> <span class='ocrx_word' id='word_1_192' title='bbox 1174 2349 1283 2439; x_wconf 87' lang='lat' dir='ltr'>prima</span> <span class='ocrx_word' id='word_1_193' title='bbox 1304 2372 1368 2441; x_wconf 91' lang='lat' dir='ltr'>op-</span> 
     </span>
     <span class='ocr_line' id='line_1_18' title="bbox 146 2466 497 2551; baseline 0.003 -18"><span class='ocrx_word' id='word_1_194' title='bbox 146 2467 316 2551; x_wconf 79' lang='lat' dir='ltr'>portunitd</span> <span class='ocrx_word' id='word_1_195' title='bbox 332 2468 362 2537; x_wconf 85' lang='lat' dir='ltr'>si</span> <span class='ocrx_word' id='word_1_196' title='bbox 378 2466 497 2535; x_wconf 87' lang='lat' dir='ltr'>faccia.</span> 
     </span>
    </p>

    <p class='ocr_par' dir='ltr' id='par_1_3' title="bbox 144 2581 1367 2777">
     <span class='ocr_line' id='line_1_19' title="bbox 168 2581 1367 2663; baseline 0.002 -12"><span class='ocrx_word' id='word_1_197' title='bbox 168 2614 171 2619; x_wconf 89' lang='grc'><em>·</em></span> <span class='ocrx_word' id='word_1_198' title='bbox 204 2584 257 2653; x_wconf 88' lang='lat' dir='ltr'>De</span> <span class='ocrx_word' id='word_1_199' title='bbox 273 2585 307 2651; x_wconf 91' lang='lat' dir='ltr'>la</span> <span class='ocrx_word' id='word_1_200' title='bbox 322 2585 447 2651; x_wconf 85' lang='lat' dir='ltr'>andata</span> <span class='ocrx_word' id='word_1_201' title='bbox 461 2583 497 2650; x_wconf 91' lang='lat' dir='ltr'>di</span> <span class='ocrx_word' id='word_1_202' title='bbox 514 2584 557 2652; x_wconf 93' lang='lat' dir='ltr'>V.</span> <span class='ocrx_word' id='word_1_203' title='bbox 583 2584 624 2651; x_wconf 88' lang='lat' dir='ltr'>R.</span> <span class='ocrx_word' id='word_1_204' title='bbox 647 2581 682 2649; x_wconf 90' lang='lat' dir='ltr'>in</span> <span class='ocrx_word' id='word_1_205' title='bbox 702 2582 849 2651; x_wconf 85' lang='lat' dir='ltr'>Genoua</span> <span class='ocrx_word' id='word_1_206' title='bbox 871 2583 941 2649; x_wconf 85' lang='lat' dir='ltr'>r&#39;ron</span> <span class='ocrx_word' id='word_1_207' title='bbox 962 2583 1090 2651; x_wconf 86' lang='lat' dir='ltr'>accade</span> <span class='ocrx_word' id='word_1_208' title='bbox 1110 2584 1198 2651; x_wconf 87' lang='lat' dir='ltr'>altro</span> <span class='ocrx_word' id='word_1_209' title='bbox 1218 2582 1305 2663; x_wconf 88' lang='lat' dir='ltr'>dire,</span> <span class='ocrx_word' id='word_1_210' title='bbox 1329 2606 1367 2653; x_wconf 86' lang='lat' dir='ltr'>se</span> 
     </span>
     <span class='ocr_line' id='line_1_20' title="bbox 144 2688 1243 2777; baseline 0.005 -22"><span class='ocrx_word' id='word_1_211' title='bbox 144 2708 208 2755; x_wconf 89' lang='lat' dir='ltr'>non</span> <span class='ocrx_word' id='word_1_212' title='bbox 224 2693 291 2759; x_wconf 85' lang='lat' dir='ltr'>che</span> <span class='ocrx_word' id='word_1_213' title='bbox 307 2710 414 2777; x_wconf 89' lang='lat' dir='ltr'>penso</span> <span class='ocrx_word' id='word_1_214' title='bbox 431 2690 567 2757; x_wconf 79' lang='lat' dir='ltr'>trouard</span> <span class='ocrx_word' id='word_1_215' title='bbox 584 2688 620 2756; x_wconf 93' lang='lat' dir='ltr'>in</span> <span class='ocrx_word' id='word_1_216' title='bbox 636 2688 781 2759; x_wconf 74' lang='lat' dir='ltr'>Fi1enza</span> <span class='ocrx_word' id='word_1_217' title='bbox 797 2690 829 2756; x_wconf 85' lang='lat' dir='ltr'>la</span> <span class='ocrx_word' id='word_1_218' title='bbox 846 2690 886 2759; x_wconf 91' lang='lat' dir='ltr'>R.</span> <span class='ocrx_word' id='word_1_219' title='bbox 907 2690 950 2758; x_wconf 90' lang='lat' dir='ltr'>V.</span> <span class='ocrx_word' id='word_1_220' title='bbox 969 2700 1092 2777; x_wconf 73' lang='lat' dir='ltr'>quarta</span> <span class='ocrx_word' id='word_1_221' title='bbox 1107 2691 1243 2761; x_wconf 83' lang='lat' dir='ltr'>lettera.</span> 
     </span>
    </p>

    <p class='ocr_par' dir='ltr' id='par_1_4' title="bbox 141 2804 1365 3241">
     <span class='ocr_line' id='line_1_21' title="bbox 203 2804 1363 2892; baseline 0.003 -19"><span class='ocrx_word' id='word_1_222' title='bbox 203 2806 257 2875; x_wconf 90' lang='lat' dir='ltr'>De</span> <span class='ocrx_word' id='word_1_223' title='bbox 274 2808 376 2875; x_wconf 90' lang='lat' dir='ltr'>Mtro.</span> <span class='ocrx_word' id='word_1_224' title='bbox 397 2805 513 2873; x_wconf 83' lang='lat' dir='ltr'>Pietro</span> <span class='ocrx_word' id='word_1_225' title='bbox 529 2804 639 2876; x_wconf 86' lang='lat' dir='ltr'>Siluio</span> <span class='ocrx_word' id='word_1_226' title='bbox 653 2804 698 2873; x_wconf 94' lang='lat' dir='ltr'>V.</span> <span class='ocrx_word' id='word_1_227' title='bbox 717 2806 758 2873; x_wconf 90' lang='lat' dir='ltr'>R.</span> <span class='ocrx_word' id='word_1_228' title='bbox 777 2805 896 2892; x_wconf 88' lang='lat' dir='ltr'>sappia</span> <span class='ocrx_word' id='word_1_229' title='bbox 910 2806 977 2873; x_wconf 87' lang='lat' dir='ltr'>che</span> <span class='ocrx_word' id='word_1_230' title='bbox 993 2805 1097 2873; x_wconf 85' lang='lat' dir='ltr'>stain</span> <span class='ocrx_word' id='word_1_231' title='bbox 1113 2825 1217 2873; x_wconf 87' lang='lat' dir='ltr'>mano</span> <span class='ocrx_word' id='word_1_232' title='bbox 1232 2807 1276 2877; x_wconf 90' lang='lat' dir='ltr'>de</span> <span class='ocrx_word' id='word_1_233' title='bbox 1289 2829 1363 2877; x_wconf 88' lang='lat' dir='ltr'>me·</span> 
     </span>
     <span class='ocr_line' id='line_1_22' title="bbox 142 2916 1365 3009; baseline 0.004 -25"><span class='ocrx_word' id='word_1_234' title='bbox 142 2916 205 2985; x_wconf 86' lang='lat' dir='ltr'>diei</span> <span class='ocrx_word' id='word_1_235' title='bbox 220 2943 282 3009; x_wconf 87' lang='lat' dir='ltr'>per</span> <span class='ocrx_word' id='word_1_236' title='bbox 296 2944 344 2989; x_wconf 88' lang='lat' dir='ltr'>vn</span> <span class='ocrx_word' id='word_1_237' title='bbox 358 2932 497 3009; x_wconf 86' lang='lat' dir='ltr'>stupore</span> <span class='ocrx_word' id='word_1_238' title='bbox 513 2941 536 2988; x_wconf 94' lang='lat' dir='ltr'>o</span> <span class='ocrx_word' id='word_1_239' title='bbox 554 2921 756 2989; x_wconf 87' lang='lat' dir='ltr'>balordezza</span> <span class='ocrx_word' id='word_1_240' title='bbox 777 2920 821 2987; x_wconf 92' lang='lat' dir='ltr'>de</span> <span class='ocrx_word' id='word_1_241' title='bbox 842 2931 930 2990; x_wconf 85' lang='lat' dir='ltr'>testa</span> <span class='ocrx_word' id='word_1_242' title='bbox 949 2920 1116 3001; x_wconf 86' lang='lat' dir='ltr'>mirabile,</span> <span class='ocrx_word' id='word_1_243' title='bbox 1139 2942 1207 2989; x_wconf 87' lang='lat' dir='ltr'>eon</span> <span class='ocrx_word' id='word_1_244' title='bbox 1229 2922 1262 2989; x_wconf 89' lang='lat' dir='ltr'>la</span> <span class='ocrx_word' id='word_1_245' title='bbox 1282 2923 1365 3009; x_wconf 86' lang='lat' dir='ltr'>qual</span> 
     </span>
     <span class='ocr_line' id='line_1_23' title="bbox 142 3036 1361 3124; baseline 0.001 -20"><span class='ocrx_word' id='word_1_246' title='bbox 142 3054 216 3120; x_wconf 83' lang='lat' dir='ltr'>pare</span> <span class='ocrx_word' id='word_1_247' title='bbox 232 3036 281 3104; x_wconf 84' lang='lat' dir='ltr'>sia</span> <span class='ocrx_word' id='word_1_248' title='bbox 298 3038 357 3104; x_wconf 87' lang='lat' dir='ltr'>vn&#39;</span> <span class='ocrx_word' id='word_1_249' title='bbox 374 3038 461 3104; x_wconf 86' lang='lat' dir='ltr'>altro</span> <span class='ocrx_word' id='word_1_250' title='bbox 476 3038 606 3104; x_wconf 90' lang='lat' dir='ltr'>huomo</span> <span class='ocrx_word' id='word_1_251' title='bbox 622 3037 712 3124; x_wconf 92' lang='lat' dir='ltr'>dopo</span> <span class='ocrx_word' id='word_1_252' title='bbox 727 3036 783 3103; x_wconf 89' lang='lat' dir='ltr'>ch&#39;</span> <span class='ocrx_word' id='word_1_253' title='bbox 801 3036 820 3104; x_wconf 81' lang='grc' dir='ltr'>ὲ</span> <span class='ocrx_word' id='word_1_254' title='bbox 837 3046 989 3119; x_wconf 86' lang='lat' dir='ltr'>tornato;</span> <span class='ocrx_word' id='word_1_255' title='bbox 1008 3056 1064 3103; x_wconf 87' lang='lat' dir='ltr'>rna</span> <span class='ocrx_word' id='word_1_256' title='bbox 1076 3057 1233 3124; x_wconf 87' lang='lat' dir='ltr'>speramo</span> <span class='ocrx_word' id='word_1_257' title='bbox 1246 3037 1282 3104; x_wconf 91' lang='lat' dir='ltr'>in</span> <span class='ocrx_word' id='word_1_258' title='bbox 1293 3036 1361 3107; x_wconf 91' lang='lat' dir='ltr'>Dio</span> 
     </span>
     <span class='ocr_line' id='line_1_24' title="bbox 141 3148 605 3241; baseline 0.017 -26"><span class='ocrx_word' id='word_1_259' title='bbox 141 3148 168 3216; x_wconf 86' lang='lat' dir='ltr'>si</span> <span class='ocrx_word' id='word_1_260' title='bbox 183 3153 318 3221; x_wconf 74' lang='lat' dir='ltr'>trouara</span> <span class='ocrx_word' id='word_1_261' title='bbox 335 3163 449 3241; x_wconf 84' lang='lat' dir='ltr'>presto</span> <span class='ocrx_word' id='word_1_262' title='bbox 465 3151 605 3240; x_wconf 86' lang='lat' dir='ltr'>meglio.</span> 
     </span>
    </p>

    <p class='ocr_par' dir='ltr' id='par_1_5' title="bbox 114 3266 1372 4275">
     <span class='ocr_line' id='line_1_25' title="bbox 201 3266 1363 3348; baseline 0 -13"><span class='ocrx_word' id='word_1_263' title='bbox 201 3268 227 3335; x_wconf 92' lang='lat'>11</span> <span class='ocrx_word' id='word_1_264' title='bbox 243 3270 304 3336; x_wconf 92' lang='lat' dir='ltr'>Dr.</span> <span class='ocrx_word' id='word_1_265' title='bbox 323 3268 435 3337; x_wconf 80' lang='lat' dir='ltr'><strong>Olane</strong></span> <span class='ocrx_word' id='word_1_266' title='bbox 451 3269 470 3335; x_wconf 81' lang='grc' dir='ltr'>ὲ</span> <span class='ocrx_word' id='word_1_267' title='bbox 488 3280 635 3348; x_wconf 89' lang='lat' dir='ltr'>tornato,</span> <span class='ocrx_word' id='word_1_268' title='bbox 653 3280 688 3339; x_wconf 86' lang='lat' dir='ltr'>et</span> <span class='ocrx_word' id='word_1_269' title='bbox 707 3268 736 3336; x_wconf 91' lang='lat' dir='ltr'>si</span> <span class='ocrx_word' id='word_1_270' title='bbox 756 3270 776 3337; x_wconf 78' lang='grc' dir='ltr'>ὁ</span> <span class='ocrx_word' id='word_1_271' title='bbox 799 3268 905 3336; x_wconf 89' lang='lat' dir='ltr'>molto</span> <span class='ocrx_word' id='word_1_272' title='bbox 925 3266 1055 3336; x_wconf 85' lang='lat' dir='ltr'>seruito</span> <span class='ocrx_word' id='word_1_273' title='bbox 1075 3266 1170 3335; x_wconf 86' lang='lat' dir='ltr'>iddio</span> <span class='ocrx_word' id='word_1_274' title='bbox 1191 3268 1235 3335; x_wconf 89' lang='lat' dir='ltr'>de</span> <span class='ocrx_word' id='word_1_275' title='bbox 1257 3268 1306 3335; x_wconf 86' lang='lat' dir='ltr'>lui</span> <span class='ocrx_word' id='word_1_276' title='bbox 1327 3268 1363 3336; x_wconf 90' lang='lat' dir='ltr'>in</span> 
     </span>
     <span class='ocr_line' id='line_1_26' title="bbox 140 3382 1362 3473; baseline 0.003 -25"><span class='ocrx_word' id='word_1_277' title='bbox 140 3395 255 3466; x_wconf 85' lang='lat' dir='ltr'>questa</span> <span class='ocrx_word' id='word_1_278' title='bbox 270 3382 378 3452; x_wconf 85' lang='lat' dir='ltr'>vssita</span> <span class='ocrx_word' id='word_1_279' title='bbox 392 3384 436 3456; x_wconf 86' lang='lat' dir='ltr'>de</span> <span class='ocrx_word' id='word_1_280' title='bbox 452 3386 574 3465; x_wconf 87' lang='lat' dir='ltr'>Roma,</span> <span class='ocrx_word' id='word_1_281' title='bbox 591 3396 627 3454; x_wconf 89' lang='lat' dir='ltr'>et</span> <span class='ocrx_word' id='word_1_282' title='bbox 643 3383 767 3453; x_wconf 87' lang='lat' dir='ltr'>adesso</span> <span class='ocrx_word' id='word_1_283' title='bbox 782 3384 810 3451; x_wconf 92' lang='lat' dir='ltr'>si</span> <span class='ocrx_word' id='word_1_284' title='bbox 831 3404 974 3471; x_wconf 81' lang='lat' dir='ltr'>prepara</span> <span class='ocrx_word' id='word_1_285' title='bbox 995 3404 1055 3471; x_wconf 82' lang='lat' dir='ltr'>per</span> <span class='ocrx_word' id='word_1_286' title='bbox 1074 3382 1187 3470; x_wconf 83' lang='lat' dir='ltr'><strong>questi</strong></span> <span class='ocrx_word' id='word_1_287' title='bbox 1205 3382 1362 3473; x_wconf 88' lang='lat' dir='ltr'>principii</span> 
     </span>
     <span class='ocr_line' id='line_1_27' title="bbox 140 3495 1362 3589; baseline 0.006 -28"><span class='ocrx_word' id='word_1_288' title='bbox 140 3495 213 3566; x_wconf 88' lang='lat' dir='ltr'>delli</span> <span class='ocrx_word' id='word_1_289' title='bbox 228 3500 344 3581; x_wconf 86' lang='lat' dir='ltr'>studii,</span> <span class='ocrx_word' id='word_1_290' title='bbox 362 3513 398 3568; x_wconf 83' lang='lat' dir='ltr'>et</span> <span class='ocrx_word' id='word_1_291' title='bbox 411 3500 530 3589; x_wconf 87' lang='lat' dir='ltr'>agiuta</span> <span class='ocrx_word' id='word_1_292' title='bbox 546 3521 567 3567; x_wconf 88' lang='lat' dir='ltr'>a</span> <span class='ocrx_word' id='word_1_293' title='bbox 582 3498 771 3587; x_wconf 85' lang='lat' dir='ltr'>prepararsi</span> <span class='ocrx_word' id='word_1_294' title='bbox 792 3499 841 3587; x_wconf 85' lang='lat' dir='ltr'>gli</span> <span class='ocrx_word' id='word_1_295' title='bbox 868 3499 958 3567; x_wconf 89' lang='lat' dir='ltr'>altri.</span> <span class='ocrx_word' id='word_1_296' title='bbox 982 3499 1032 3568; x_wconf 91' lang='lat' dir='ltr'>La</span> <span class='ocrx_word' id='word_1_297' title='bbox 1052 3498 1275 3585; x_wconf 82' lang='lat' dir='ltr'>dispositione</span> <span class='ocrx_word' id='word_1_298' title='bbox 1296 3502 1362 3568; x_wconf 87' lang='lat' dir='ltr'>che</span> 
     </span>
     <span class='ocr_line' id='line_1_28' title="bbox 140 3610 1361 3703; baseline 0.003 -22"><span class='ocrx_word' id='word_1_299' title='bbox 140 3610 224 3681; x_wconf 80' lang='lat' dir='ltr'>lasso</span> <span class='ocrx_word' id='word_1_300' title='bbox 239 3614 274 3682; x_wconf 88' lang='lat' dir='ltr'>in</span> <span class='ocrx_word' id='word_1_301' title='bbox 289 3613 446 3683; x_wconf 85' lang='lat' dir='ltr'>Arimino</span> <span class='ocrx_word' id='word_1_302' title='bbox 461 3617 481 3683; x_wconf 78' lang='grc' dir='ltr'>ἑ</span> <span class='ocrx_word' id='word_1_303' title='bbox 497 3615 667 3703; x_wconf 85' lang='lat' dir='ltr'>maggior&#39;</span> <span class='ocrx_word' id='word_1_304' title='bbox 680 3614 715 3683; x_wconf 87' lang='lat' dir='ltr'>di</span> <span class='ocrx_word' id='word_1_305' title='bbox 731 3615 846 3701; x_wconf 84' lang='lat' dir='ltr'>quello</span> <span class='ocrx_word' id='word_1_306' title='bbox 861 3616 919 3682; x_wconf 90' lang='lat' dir='ltr'>ch&#39;</span> <span class='ocrx_word' id='word_1_307' title='bbox 933 3617 979 3682; x_wconf 93' lang='lat' dir='ltr'>ho</span> <span class='ocrx_word' id='word_1_308' title='bbox 991 3614 1111 3683; x_wconf 88' lang='lat' dir='ltr'>scritto</span> <span class='ocrx_word' id='word_1_309' title='bbox 1125 3636 1145 3681; x_wconf 89' lang='lat' dir='ltr'>a</span> <span class='ocrx_word' id='word_1_310' title='bbox 1158 3616 1202 3682; x_wconf 94' lang='lat' dir='ltr'>V.</span> <span class='ocrx_word' id='word_1_311' title='bbox 1218 3616 1275 3696; x_wconf 85' lang='lat' dir='ltr'>R.‚</span> <span class='ocrx_word' id='word_1_312' title='bbox 1295 3616 1361 3685; x_wconf 83' lang='lat' dir='ltr'>che</span> 
     </span>
     <span class='ocr_line' id='line_1_29' title="bbox 141 3730 1359 3818; baseline 0 -21"><span class='ocrx_word' id='word_1_313' title='bbox 141 3747 214 3813; x_wconf 88' lang='lat' dir='ltr'>pare</span> <span class='ocrx_word' id='word_1_314' title='bbox 229 3731 318 3801; x_wconf 79' lang='lat' dir='ltr'>bene</span> <span class='ocrx_word' id='word_1_315' title='bbox 337 3732 464 3799; x_wconf 86' lang='lat' dir='ltr'>habbia</span> <span class='ocrx_word' id='word_1_316' title='bbox 487 3742 627 3818; x_wconf 87' lang='lat' dir='ltr'>operato</span> <span class='ocrx_word' id='word_1_317' title='bbox 648 3731 744 3799; x_wconf 91' lang='lat' dir='ltr'>Iddio</span> <span class='ocrx_word' id='word_1_318' title='bbox 764 3732 808 3799; x_wconf 93' lang='lat' dir='ltr'>N.</span> <span class='ocrx_word' id='word_1_319' title='bbox 833 3730 871 3801; x_wconf 91' lang='lat' dir='ltr'>S.</span> <span class='ocrx_word' id='word_1_320' title='bbox 896 3732 939 3797; x_wconf 89' lang='lat' dir='ltr'>Et</span> <span class='ocrx_word' id='word_1_321' title='bbox 959 3732 1070 3799; x_wconf 84' lang='lat' dir='ltr'><strong>anche</strong></span> <span class='ocrx_word' id='word_1_322' title='bbox 1091 3730 1127 3797; x_wconf 94' lang='lat' dir='ltr'>in</span> <span class='ocrx_word' id='word_1_323' title='bbox 1147 3732 1275 3799; x_wconf 85' lang='lat' dir='ltr'>Perosa</span> <span class='ocrx_word' id='word_1_324' title='bbox 1297 3751 1359 3817; x_wconf 86' lang='lat' dir='ltr'>per</span> 
     </span>
     <span class='ocr_line' id='line_1_30' title="bbox 114 3834 1360 3934; baseline 0.003 -25"><span class='ocrx_word' id='word_1_325' title='bbox 114 3898 119 3909; x_wconf 95' lang='lat'><strong>.</strong></span> <span class='ocrx_word' id='word_1_326' title='bbox 140 3862 250 3912; x_wconf 89' lang='lat' dir='ltr'>mezzo</span> <span class='ocrx_word' id='word_1_327' title='bbox 261 3868 325 3914; x_wconf 92' lang='lat' dir='ltr'>suo</span> <span class='ocrx_word' id='word_1_328' title='bbox 336 3846 365 3915; x_wconf 87' lang='lat' dir='ltr'>si</span> <span class='ocrx_word' id='word_1_329' title='bbox 377 3848 397 3915; x_wconf 76' lang='grc' dir='ltr'>ὁ</span> <span class='ocrx_word' id='word_1_330' title='bbox 408 3834 493 3915; x_wconf 81' lang='lat' dir='ltr'>fatto</span> <span class='ocrx_word' id='word_1_331' title='bbox 505 3847 541 3914; x_wconf 87' lang='lat' dir='ltr'>in</span> <span class='ocrx_word' id='word_1_332' title='bbox 555 3867 601 3913; x_wconf 89' lang='lat' dir='ltr'>un</span> <span class='ocrx_word' id='word_1_333' title='bbox 609 3845 734 3934; x_wconf 88' lang='lat' dir='ltr'>giorno</span> <span class='ocrx_word' id='word_1_334' title='bbox 746 3846 860 3931; x_wconf 89' lang='lat' dir='ltr'>quello</span> <span class='ocrx_word' id='word_1_335' title='bbox 873 3847 939 3915; x_wconf 89' lang='lat' dir='ltr'>che</span> <span class='ocrx_word' id='word_1_336' title='bbox 949 3856 1121 3915; x_wconf 85' lang='lat' dir='ltr'>teueuano</span> <span class='ocrx_word' id='word_1_337' title='bbox 1131 3866 1193 3933; x_wconf 89' lang='lat' dir='ltr'>per</span> <span class='ocrx_word' id='word_1_338' title='bbox 1205 3844 1360 3933; x_wconf 82' lang='lat' dir='ltr'>impossi-</span> 
     </span>
     <span class='ocr_line' id='line_1_31' title="bbox 140 3956 1359 4050; baseline 0.002 -26"><span class='ocrx_word' id='word_1_339' title='bbox 140 3956 213 4043; x_wconf 91' lang='lat' dir='ltr'>bile,</span> <span class='ocrx_word' id='word_1_340' title='bbox 229 3962 265 4028; x_wconf 89' lang='lat' dir='ltr'>di</span> <span class='ocrx_word' id='word_1_341' title='bbox 280 3963 406 4030; x_wconf 84' lang='lat' dir='ltr'>hauere</span> <span class='ocrx_word' id='word_1_342' title='bbox 421 3962 534 4049; x_wconf 83' lang='lat' dir='ltr'>quelle</span> <span class='ocrx_word' id='word_1_343' title='bbox 549 3964 655 4045; x_wconf 85' lang='lat' dir='ltr'>scole,</span> <span class='ocrx_word' id='word_1_344' title='bbox 673 3962 807 4050; x_wconf 73' lang='lat' dir='ltr'>rhegii</span> <span class='ocrx_word' id='word_1_345' title='bbox 821 3961 1073 4029; x_wconf 84' lang='lat' dir='ltr'>lisonnodate.</span> <span class='ocrx_word' id='word_1_346' title='bbox 1088 3962 1146 4028; x_wconf 91' lang='lat' dir='ltr'>Ha</span> <span class='ocrx_word' id='word_1_347' title='bbox 1158 3962 1244 4027; x_wconf 88' lang='lat' dir='ltr'>fatto</span> <span class='ocrx_word' id='word_1_348' title='bbox 1256 3959 1359 4030; x_wconf 86' lang='lat' dir='ltr'>etiam</span> 
     </span>
     <span class='ocr_line' id='line_1_32' title="bbox 139 4066 1361 4165; baseline 0.003 -26"><span class='ocrx_word' id='word_1_349' title='bbox 139 4073 222 4146; x_wconf 77' lang='lat' dir='ltr'>rone</span> <span class='ocrx_word' id='word_1_350' title='bbox 237 4076 451 4165; x_wconf 85' lang='lat' dir='ltr'>dispositioni</span> <span class='ocrx_word' id='word_1_351' title='bbox 466 4078 521 4145; x_wconf 87' lang='lat' dir='ltr'>col</span> <span class='ocrx_word' id='word_1_352' title='bbox 537 4078 709 4146; x_wconf 86' lang='lat' dir='ltr'>cardinale</span> <span class='ocrx_word' id='word_1_353' title='bbox 725 4080 833 4147; x_wconf 89' lang='lat' dir='ltr'>Santa</span> <span class='ocrx_word' id='word_1_354' title='bbox 851 4082 890 4162; x_wconf 57' lang='grc' dir='ltr'>ᾧ</span> <span class='ocrx_word' id='word_1_355' title='bbox 909 4093 921 4127; x_wconf 80' lang='lat'>⁸</span> <span class='ocrx_word' id='word_1_356' title='bbox 937 4098 997 4163; x_wconf 88' lang='lat' dir='ltr'>per</span> <span class='ocrx_word' id='word_1_357' title='bbox 1012 4075 1135 4146; x_wconf 89' lang='lat' dir='ltr'>alcune</span> <span class='ocrx_word' id='word_1_358' title='bbox 1151 4097 1232 4144; x_wconf 86' lang='lat' dir='ltr'>cose</span> <span class='ocrx_word' id='word_1_359' title='bbox 1243 4076 1277 4143; x_wconf 90' lang='lat' dir='ltr'>d&#39;</span> <span class='ocrx_word' id='word_1_360' title='bbox 1296 4066 1361 4144; x_wconf 75' lang='lat' dir='ltr'>inr-¹</span> 
     </span>
     <span class='ocr_line' id='line_1_33' title="bbox 140 4190 1372 4275; baseline 0.003 -19"><span class='ocrx_word' id='word_1_361' title='bbox 140 4192 313 4275; x_wconf 86' lang='lat' dir='ltr'>portantia:</span> <span class='ocrx_word' id='word_1_362' title='bbox 330 4206 365 4261; x_wconf 83' lang='lat' dir='ltr'>et</span> <span class='ocrx_word' id='word_1_363' title='bbox 381 4192 466 4259; x_wconf 90' lang='lat' dir='ltr'>oltra</span> <span class='ocrx_word' id='word_1_364' title='bbox 482 4190 540 4261; x_wconf 84' lang='lat' dir='ltr'>ch&#39;</span> <span class='ocrx_word' id='word_1_365' title='bbox 562 4200 610 4259; x_wconf 78' lang='lat' dir='ltr'>r&#39;rn</span> <span class='ocrx_word' id='word_1_366' title='bbox 630 4192 840 4261; x_wconf 77' lang='lat' dir='ltr'>monasterio</span> <span class='ocrx_word' id='word_1_367' title='bbox 859 4194 889 4259; x_wconf 86' lang='lat' dir='ltr'>s&#39;</span> <span class='ocrx_word' id='word_1_368' title='bbox 911 4192 930 4261; x_wconf 78' lang='grc' dir='ltr'>ὲ</span> <span class='ocrx_word' id='word_1_369' title='bbox 951 4192 1127 4259; x_wconf 80' lang='lat' dir='ltr'>risormaro</span> <span class='ocrx_word' id='word_1_370' title='bbox 1147 4191 1180 4259; x_wconf 88' lang='lat' dir='ltr'>al</span> <span class='ocrx_word' id='word_1_371' title='bbox 1203 4202 1308 4274; x_wconf 87' lang='lat' dir='ltr'>tutto,</span> <span class='ocrx_word' id='word_1_372' title='bbox 1332 4190 1372 4260; x_wconf 79' lang='lat' dir='ltr'>li&#39;</span> 
     </span>
    </p>
   </div>
   <div class='ocr_carea' id='block_1_3' title="bbox 140 4336 315 4354">
    <p class='ocr_par' dir='ltr' id='par_1_6' title="bbox 140 4336 315 4354">
     <span class='ocr_line' id='line_1_34' title="bbox 140 4336 315 4354; baseline -0.006 0"><span class='ocrx_word' id='word_1_373' title='bbox 140 4336 315 4354; x_wconf 55' lang='lat' dir='ltr'><strong>*Qu——</strong></span> 
     </span>
    </p>
   </div>
   <div class='ocr_carea' id='block_1_4' title="bbox 185 4382 1077 4587">
    <p class='ocr_par' dir='ltr' id='par_1_7' title="bbox 185 4382 1077 4587">
     <span class='ocr_line' id='line_1_35' title="bbox 185 4382 1077 4489; baseline 0.003 -17"><span class='ocrx_word' id='word_1_374' title='bbox 185 4418 195 4449; x_wconf 90' lang='lat'><strong>¹</strong></span> <span class='ocrx_word' id='word_1_375' title='bbox 230 4414 405 4489; x_wconf 84' lang='lat' dir='ltr'>Tarquinius</span> <span class='ocrx_word' id='word_1_376' title='bbox 418 4408 455 4471; x_wconf 62' lang='lat' dir='ltr'>de*</span> <span class='ocrx_word' id='word_1_377' title='bbox 468 4414 641 4489; x_wconf 77' lang='lat' dir='ltr'>Reyuuldir.</span> <span class='ocrx_word' id='word_1_378' title='bbox 655 4414 732 4473; x_wconf 83' lang='lat' dir='ltr'>Vide</span> <span class='ocrx_word' id='word_1_379' title='bbox 744 4414 885 4489; x_wconf 77' lang='lat' dir='ltr'>epistolar</span> <span class='ocrx_word' id='word_1_380' title='bbox 899 4382 1077 4487; x_wconf 73' lang='lat' dir='ltr'>superiores.</span> 
     </span>
     <span class='ocr_line' id='line_1_36' title="bbox 185 4512 572 4587; baseline 0 -16"><span class='ocrx_word' id='word_1_381' title='bbox 185 4514 196 4545; x_wconf 85' lang='lat'>⁸</span> <span class='ocrx_word' id='word_1_382' title='bbox 229 4512 388 4573; x_wconf 72' lang='lat' dir='ltr'>Caesarue</span> <span class='ocrx_word' id='word_1_383' title='bbox 400 4512 572 4587; x_wconf 74' lang='lat' dir='ltr'>Reynaldir.</span> 
     </span>
    </p>
   </div>
   <div class='ocr_carea' id='block_1_5' title="bbox 184 4600 1320 4751">
    <p class='ocr_par' dir='ltr' id='par_1_8' title="bbox 184 4600 1320 4751">
     <span class='ocr_line' id='line_1_37' title="bbox 184 4600 1212 4677; baseline -0.003 -17"><span class='ocrx_word' id='word_1_384' title='bbox 184 4600 195 4631; x_wconf 79' lang='lat'><strong>⁴</strong></span> <span class='ocrx_word' id='word_1_385' title='bbox 228 4604 358 4676; x_wconf 79' lang='lat' dir='ltr'>Jounues</span> <span class='ocrx_word' id='word_1_386' title='bbox 372 4603 507 4675; x_wconf 72' lang='lat' dir='ltr'>Angelus</span> <span class='ocrx_word' id='word_1_387' title='bbox 519 4602 681 4663; x_wconf 77' lang='lat' dir='ltr'>Mediceus.</span> <span class='ocrx_word' id='word_1_388' title='bbox 697 4602 795 4677; x_wconf 77' lang='lat' dir='ltr'>Epist.</span> <span class='ocrx_word' id='word_1_389' title='bbox 810 4602 935 4668; x_wconf 73' lang='lat' dir='ltr'>Mr&#39;xtua,</span> <span class='ocrx_word' id='word_1_390' title='bbox 951 4601 1004 4671; x_wconf 90' lang='lat' dir='ltr'>1v,</span> <span class='ocrx_word' id='word_1_391' title='bbox 1017 4600 1061 4674; x_wconf 67' lang='lat' dir='ltr'>pi,</span> <span class='ocrx_word' id='word_1_392' title='bbox 1073 4608 1174 4658; x_wconf 77' lang='lat' dir='ltr'>annot.</span> <span class='ocrx_word' id='word_1_393' title='bbox 1185 4616 1212 4658; x_wconf 84' lang='lat'>2.</span> 
     </span>
     <span class='ocr_line' id='line_1_38' title="bbox 184 4689 1320 4751; baseline -0.004 -2"><span class='ocrx_word' id='word_1_394' title='bbox 184 4692 196 4725; x_wconf 81' lang='lat'>⁸</span> <span class='ocrx_word' id='word_1_395' title='bbox 229 4692 372 4751; x_wconf 79' lang='lat' dir='ltr'>Eleonora</span> <span class='ocrx_word' id='word_1_396' title='bbox 383 4691 421 4747; x_wconf 84' lang='lat' dir='ltr'>de</span> <span class='ocrx_word' id='word_1_397' title='bbox 433 4692 550 4749; x_wconf 84' lang='lat' dir='ltr'>Toleto.</span> <span class='ocrx_word' id='word_1_398' title='bbox 623 4698 629 4710; x_wconf 90' lang='lat'><em>&#39;</em></span> <span class='ocrx_word' id='word_1_399' title='bbox 944 4692 957 4727; x_wconf 84' lang='lat'>⁸</span> <span class='ocrx_word' id='word_1_400' title='bbox 993 4690 1150 4747; x_wconf 68' lang='lat' dir='ltr'>Macellus</span> <span class='ocrx_word' id='word_1_401' title='bbox 1161 4689 1320 4747; x_wconf 74' lang='lat' dir='ltr'>Cervinus.</span> 
     </span>
    </p>
   </div>
   <div class='ocr_carea' id='block_1_6' title="bbox 0 0 1788 5409">
    <p class='ocr_par' dir='ltr' id='par_1_9' title="bbox 0 0 1788 5409">
     <span class='ocr_line' id='line_1_39' title="bbox 0 0 1788 5409; baseline 0 6"><span class='ocrx_word' id='word_1_402' title='bbox 0 0 1788 5409; x_wconf 95' lang='lat' dir='ltr'> </span> 
     </span>
    </p>
   </div>
  </div>
 </body>
</html>
