3567 5409
428 431 481 501 654
811 430 1018 486 Mouuuarrra
1036 431 1216 485 tonantur

393 582 441 650 lai
454 595 468 624 ⁸
488 583 517 650 si
538 582 722 651 rimettono
743 574 848 648 m'olte
870 603 953 649 cose
973 581 1179 668 particulari.
1205 582 1402 651 Solamente
1422 581 1614 668 rispondero

393 718 495 785 sopra
511 697 653 766 Thadeo
666 698 691 777 ',
711 699 779 766 che
794 697 1006 766 intendendo
1027 699 1071 764 N.
1094 700 1132 764 P.
1156 697 1316 784 ilparere
1331 698 1388 764 del
1410 699 1498 766 Rdo.
1520 719 1612 764 mon-

393 814 515 902 signor
530 814 672 881 nostro³
689 811 723 878 di
740 815 893 880 mandar'
912 837 932 880 a
948 835 1028 880 casa
1043 835 1107 880 sua
1123 814 1276 896 Thadeo,
1303 813 1353 902 gli
1374 835 1455 900 pare
1475 816 1614 882 anchea

393 930 454 1011 lui,
472 940 506 997 et
524 930 626 998 uuole
641 929 670 996 si
686 928 806 1010 faccia,
825 951 864 998 se
879 930 937 1016 gii
955 950 1022 997 non
1039 951 1178 1016 paresse
1195 929 1322 1018 meglio
1333 929 1562 1017 consegliarlo
1574 930 1613 996 ad

394 1057 529 1114 entrare
545 1045 581 1110 in
596 1046 683 1112 altra
698 1044 879 1131 religione.

382 1146 389 1162 ’
459 1163 559 1230 Delie
574 1159 788 1228 conclusioni
804 1161 862 1246 qui
880 1172 1000 1230 tenure
1020 1161 1100 1226 nelli
1121 1159 1279 1247 principii
1300 1159 1380 1227 delli
1403 1162 1496 1228 studi
1520 1162 1614 1247 (quali

394 1275 529 1364 porterd
546 1295 623 1344 esso
639 1273 872 1342 commissario
887 1275 994 1362 seco),
1009 1276 1198 1343 solamente
1209 1274 1285 1343 diro
1296 1277 1364 1344 che
1375 1275 1405 1342 si
1416 1297 1502 1343 sono
1514 1291 1615 1344 soste-

393 1407 479 1459 nute
494 1413 560 1459 con
577 1393 684 1458 molta
699 1390 930 1472 edificatione,
950 1389 1148 1460 trouandosi
1165 1391 1315 1476 presenti
1332 1391 1429 1458 molti
1442 1389 1611 1472 cardinali,

393 1519 428 1578 et
443 1507 478 1575 di
494 1510 626 1595 grande
643 1507 803 1587 autoriti,
821 1517 856 1574 et
872 1507 949 1573 altri
962 1507 1084 1594 prelati
1100 1516 1136 1576 et
1147 1510 1280 1595 grande
1295 1518 1413 1594 gente;
1431 1520 1467 1576 et
1481 1517 1576 1574 tanto
1586 1508 1617 1574 le

393 1623 529 1712 dispute
545 1633 675 1710 quanto
690 1624 714 1688 l’
732 1622 879 1690 orationi
895 1625 981 1693 fatte
996 1625 1114 1690 hanno
1131 1624 1211 1690 dato
1227 1625 1360 1711 grande
1381 1621 1615 1690 sodisfattione

392 1751 427 1808 et
445 1738 675 1820 edificatione,
694 1748 729 1808 et
745 1759 864 1825 sparso
881 1737 1012 1824 optimo
1028 1739 1133 1806 odore
1147 1740 1204 1806 del
1219 1738 1381 1826 collegio.
1400 1739 1471 1824 Qui
1486 1739 1515 1805 si
1528 1759 1616 1803 man·

395 1858 439 1923 da
456 1877 525 1923 una
541 1856 618 1922 lista
634 1856 668 1922 di
685 1857 799 1941 quello
816 1855 844 1922 si
861 1856 1002 1942 leggerd
1019 1867 1055 1922 et
1068 1855 1209 1924 tratterd
1226 1857 1283 1923 nel
1299 1854 1458 1942 collegio.

461 1971 520 2042 Sia
532 1975 616 2060 Jesd
633 1970 698 2040 X.⁰
715 1971 750 2038 in
766 1970 850 2059 ogni
867 1993 948 2038 cosa
964 1971 1095 2038 seruito
1110 1983 1146 2038 et
1162 1971 1369 2059 glorificato.
1389 1975 1513 2038 Arnen.

462 2087 506 2155 Di
524 2090 632 2156 Roma
648 2109 669 2170 4
686 2087 720 2154 di
738 2087 936 2156 Nouembre
957 2103 1053 2172 1553.

463 2205 658 2290 Inscriptio.
679 2203 840 2288 Vinegia‚
860 2225 921 2290 per
938 2204 1040 2270 Mtro.
1059 2203 1200 2270 Cesare.

965 2374 1070 2456 3883

594 2508 754 2575 PATRI
791 2507 1085 2576 ALPHONSO
1121 2507 1436 2586 SALMERONl

788 2651 877 2697 noua
895 2655 913 2708 4
931 2637 1200 2708 novaaaars1553
1218 2642 1237 2692 ¹.

395 2757 501 2811 Simon
509 2755 689 2812 Radericius
700 2757 834 2810 nondum
845 2754 878 2808 in
891 2753 1002 2810 artem
1013 2747 1316 2810 aduenit—Panum
1324 2771 1384 2826 qua
1392 2755 1446 2809 oia
1455 2752 1620 2810 mittendae.

448 2844 678 2901 -Salmeronis
697 2842 861 2914 diligentia
878 2848 938 2914 pro
955 2841 1083 2916 collegio
1098 2843 1279 2915 germanico
1298 2843 1497 2899 laudatum·
1509 2840 1622 2898 Gaudet

446 2935 483 2989 de
496 2933 619 3007 collegii
631 2933 823 3004 neapolitani
836 2930 1117 2988 incrementa-De
1126 2932 1261 2986 adventu
1272 2932 1424 2987 sociorum
1435 2933 1468 2987 in
1480 2931 1621 2988 Siciiiam

448 3024 529 3078 -De
551 3022 723 3095 Hispaniae
741 3019 975 3092 collegiis—De
992 3019 1119 3092 collegio
1140 3037 1282 3075 romano:
1300 3021 1442 3076 solemnis
1458 3021 1620 3076 studiorum

447 3111 647 3169 instauratio:
668 3109 841 3166 scholaram
862 3108 1118 3165 orda-Laenius
1138 3109 1267 3166 Gennae.
1281 3111 1402 3165 utiliter
1421 3111 1621 3167 adlaboran-

449 3201 521 3257 Post
534 3201 695 3273 scriptum.
718 3199 850 3254 Litterae
863 3201 905 3254 ad
924 3199 1342 3257 nominemur-uanam
1359 3200 1400 3255 ad
1419 3199 1622 3258 Laurentium.

468 3331 539 3395 Pax
556 3325 699 3396 Christi.

467 3443 701 3512 Riceuessimo
717 3443 830 3529 quella
846 3442 890 3508 de
909 3443 951 3508 28
968 3442 1023 3509 del
1042 3452 1178 3527 passato
1193 3443 1238 3508 de
1254 3441 1298 3506 V.
1318 3442 1361 3509 R.

466 3564 568 3629 Mtro.
594 3558 711 3628 Simon
740 3580 811 3624 non
832 3560 851 3624 e
872 3557 1025 3624 anchora
1048 3555 1211 3636 arriuato,
1241 3567 1276 3624 et
1301 3577 1370 3622 non
1389 3556 1511 3623 dubito
1538 3553 1622 3622 stari

397 3687 495 3744 tanto
513 3675 547 3741 in
564 3687 686 3760 queste
702 3675 826 3753 bande,
850 3676 916 3742 che
932 3674 975 3740 V.
999 3674 1041 3741 R.
1064 3673 1098 3738 lo
1119 3671 1217 3758 potra
1239 3673 1378 3754 nederc,
1402 3684 1621 3758 quantunque

395 3792 463 3859 stia
482 3814 529 3859 un
547 3813 632 3878 pezo
648 3792 692 3858 de
709 3789 836 3875 tiempo
852 3811 872 3856 a
888 3788 1007 3857 venire
1023 3812 1045 3856 a
1061 3790 1183 3857 Roma.

465 3908 557 3994 Quel
572 3891 664 3994 pano
676 3907 702 3989 ',
721 3927 757 3972 se
774 3905 878 3972 none
900 3905 1074 3984 mandato,
1093 3904 1128 3970 di
1150 3903 1261 3990 gratia
1283 3903 1311 3970 si
1334 3902 1462 3985 mandi,
1486 3926 1549 3991 pur
1568 3921 1621 3991 per

398 4047 500 4112 aqua,
519 4046 590 4091 non
608 4021 805 4090 altrimenti.

448 4210 462 4239 ⁸
499 4193 570 4250 allai
590 4211 647 4248 ms.

403 4301 598 4310 ---...-—.--

448 4352 459 4381 ²
497 4344 675 4402 Thaddaeus
692 4341 843 4408 Amaroni,
860 4340 1009 4398 senensis.

452 4439 462 4470 ³
501 4434 637 4490 Andreas
652 4433 864 4504 Lippomanus.

452 4595 460 4626 ¹
499 4591 542 4646 Ex
555 4587 658 4644 codice
674 4587 792 4658 Regest.
810 4583 834 4646 Ῑ,
849 4582 900 4642 tol.
915 4597 976 4650 sor.

450 4679 462 4709 '
502 4679 619 4733 Pannus
633 4676 758 4743 scilicet,
772 4673 824 4746 qui
838 4689 875 4727 ex
889 4671 990 4727 Sicilia
1000 4671 1123 4727 Romam
1135 4671 1317 4730 mittebatur.
