3567 5409
520 456 623 510 Errsr.
644 452 982 547 3851.72300rosms
1004 454 1073 526 ¹553
1219 515 1222 522 ,
1321 456 1376 527 609

176 616 213 675 et
229 607 380 675 maxime
396 620 554 677 versatus
570 606 606 674 in
621 610 726 677 rebus
746 609 943 679 Societatis.
967 610 1057 677 Cum
1078 610 1123 677 V.
1150 610 1191 677 R.
1212 631 1251 676 se
1271 608 1411 677 habebit

176 733 215 787 vt
241 723 359 803 trater,
385 735 424 791 ut
444 733 569 794 neuter
588 723 730 791 alterius
751 723 969 793 obedientiae
989 724 1034 791 sit
1053 723 1225 792 subditus.
1248 726 1356 795 Forte
1375 726 1411 791 in

175 837 324 923 patriam
343 861 381 909 se
397 840 555 909 conferet
570 839 699 921 statim,
717 852 752 907 et
768 851 845 927 post
860 840 1055 908 Louanium
1070 840 1126 909 uel
1143 839 1211 908 alio
1227 841 1409 910 concedet.

177 954 319 1041 Dirigat
335 977 414 1023 eum
432 954 614 1023 Dominus.

247 1074 304 1140 De
319 1092 496 1157 responso,
515 1070 608 1157 quod
624 1081 867 1158 expectauerat
884 1072 930 1141 V.
948 1072 991 1141 R.
1009 1073 1052 1138 ad
1073 1070 1158 1139 alias
1176 1071 1319 1152 litteras,
1342 1092 1412 1139 non

175 1186 304 1255 dubito
319 1187 403 1273 quin
420 1186 488 1254 iarn
506 1187 677 1274 acceperit
692 1199 718 1269 ²3
738 1184 816 1257 ideo
832 1208 901 1255 non
918 1163 1070 1275 repetam
1091 1189 1202 1257 donec
1222 1186 1412 1275 intelligam

178 1326 250 1371 non
267 1284 376 1371 fuisse
391 1312 562 1389 acceptas3
581 1302 718 1389 quodsi
736 1302 872 1389 accidit,
892 1303 1031 1390 signum
1048 1303 1113 1370 erit
1128 1304 1220 1389 quod
1240 1324 1306 1372 nec
1322 1302 1414 1373 litte·

178 1441 240 1487 rae
256 1422 300 1487 R.
319 1419 362 1486 V.
382 1420 426 1486 ad
438 1439 502 1486 nos
514 1418 748 1505 peruenerint,
764 1440 842 1485 nam
856 1440 1058 1505 responsum
1072 1420 1176 1506 (quod
1187 1419 1306 1499 sciam)
1319 1420 1414 1486 nulla

179 1537 217 1603 in
233 1558 285 1617 re,
304 1556 392 1621 quae
408 1534 444 1601 id
459 1536 662 1622 postularet,
680 1546 734 1602 est
750 1535 928 1625 omissum.

253 1650 415 1729 Litteras,
441 1650 485 1717 ad
510 1652 605 1737 Mag.
631 1650 919 1719 Theodoricum'¹
941 1649 1074 1729 missas,
1097 1652 1186 1718 forte
1207 1673 1277 1718 non
1300 1651 1413 1719 uisum

182 1766 251 1834 fuit
268 1765 302 1836 ei
317 1766 498 1835 ostendere
516 1786 645 1847 onmes3
664 1766 742 1833 ideo
757 1765 881 1833 mirum
898 1788 968 1833 non
984 1776 1038 1835 est
1052 1766 1082 1833 si
1094 1768 1138 1833 ad
1150 1765 1264 1834 omnia
1274 1766 1331 1835 ille
1343 1789 1414 1835 non

182 1884 384 1969 respondet3
403 1881 478 1949 eius
494 1902 576 1950 vero
592 1881 735 1962 litterae,
753 1881 834 1968 quia
850 1902 920 1950 non
937 1893 1037 1950 uacat
1051 1884 1100 1967 (vt
1115 1903 1180 1951 nec
1195 1882 1350 1967 aliorum)
1364 1882 1416 1949 ui-

182 2000 282 2079 dere,
301 2000 377 2065 V.·⁸
392 2000 466 2065 R.⁸⁰
482 1992 676 2090 uidendlale
690 1996 863 2066 interdum
880 1997 1075 2077 mittuntur,
1094 2018 1172 2063 cum
1186 2009 1323 2085 apertae
1335 1999 1415 2065 mit-

184 2126 321 2197 tuntur3
340 2136 420 2181 curn
436 2133 518 2181 vero
534 2113 683 2193 clausae,
703 2135 771 2179 non
788 2135 875 2200 opus
890 2127 944 2181 est
958 2124 995 2179 ut
1008 2112 1137 2195 videas,
1151 2114 1232 2199 quia
1242 2114 1335 2184 visae
1348 2115 1415 2183 iam

183 2242 291 2300 erunt
306 2231 396 2317 apud
412 2250 487 2297 nos.

255 2348 309 2414 De
325 2350 419 2431 Mag.
438 2346 568 2433 Jacobo
584 2344 596 2377 ⁸
614 2342 748 2431 scripsi,
768 2356 802 2412 et
818 2344 884 2411 iam
901 2344 1021 2412 eadem
1038 2344 1096 2413 hic
1112 2346 1281 2413 adscribo.

255 2464 376 2531 Frater
391 2472 507 2528 noster
522 2463 618 2547 Mag.
637 2458 806 2527 Martinus
821 2460 957 2547 scripsit
972 2460 1039 2527 iam
1056 2463 1099 2528 ad
1115 2461 1292 2529 dominum
1310 2462 1416 2550 presi-

185 2580 341 2661 dentem,
368 2588 402 2646 et
429 2576 560 2645 litteras
585 2575 663 2641 tulit
688 2576 792 2643 irater
816 2587 933 2643 noster
956 2579 1115 2646 Andreas
1139 2579 1265 2663 Lyner,
1291 2590 1326 2647 et
1350 2577 1416 2645 iam

185 2696 309 2764 eadem
325 2694 464 2773 scribet,
482 2702 517 2758 et
533 2712 612 2757 cum
629 2690 683 2758 his
699 2690 774 2759 eius
789 2691 920 2759 litteras
935 2691 1081 2762 mittam.

256 2810 386 2880 Littere
397 2829 457 2897 per
468 2808 512 2875 V.
527 2808 568 2874 R.
581 2805 684 2874 misse
697 2808 739 2873 ad
755 2809 795 2876 P.
811 2808 1012 2877 Cornelium
1025 2808 1223 2875 Wiscauem
1235 2820 1271 2875 et
1284 2812 1324 2877 Ρ.
1340 2811 1417 2878 An-

185 2926 321 2994 tonium
338 2924 465 3003 Vinck,
484 2924 511 2991 si
528 2925 572 2990 ad
588 2944 651 2990 nos
667 2934 914 3009 peruenerunt,
932 2926 976 2990 ad
992 2924 1086 3011 ipsos
1100 2926 1193 2992 haud
1214 2926 1318 2995 dubie
1334 2936 1417 2992 sunt

185 3040 409 3109 transmissae
424 3038 450 3123 Ι’;
469 3040 530 3107 sed
545 3061 616 3106 non
634 3039 756 3107 mirum
774 3048 865 3107 esset
881 3039 911 3105 si
930 3039 1064 3124 aliquae
1086 3040 1120 3106 in
1142 3051 1212 3108 tam
1232 3042 1338 3129 longo
1359 3041 1417 3107 iti-

188 3180 272 3227 nere
288 3168 302 3199 ⁰
317 3155 583 3224 intercidissent.

256 3274 346 3342 Cum
371 3271 508 3339 domino
532 3270 693 3358 Remigio
714 3268 904 3356 dispensari
924 3270 1036 3357 potuit
1057 3285 1094 3336 vt
1114 3272 1313 3354 celebraret,
1338 3273 1420 3359 quia

188 3388 360 3461 Societati
383 3409 421 3456 se
445 3388 600 3468 dederat3
626 3384 723 3453 aliter
748 3406 815 3452 non
837 3384 1002 3453 licuisset.
1026 3386 1219 3457 Absoluere
1240 3388 1377 3473 quidem
1399 3412 1419 3455 a

189 3515 347 3594 peccato,
366 3505 458 3591 quod
474 3524 661 3590 suspensus
677 3504 733 3569 vel
748 3500 947 3589 irregularis
966 3502 1185 3584 celebrasset,
1208 3515 1418 3591 poteramus;

190 3622 251 3690 sed
282 3621 481 3708 dispensare
509 3640 578 3685 non
599 3628 653 3685 est
674 3629 828 3685 nostrum
850 3638 953 3704 super
980 3616 1233 3705 irregularitate
1253 3619 1318 3686 nisi
1340 3643 1419 3688 cum

190 3736 332 3819 nostris,
351 3735 431 3822 quia
447 3756 569 3803 reuera
586 3754 654 3800 non
671 3732 795 3801 attinet
817 3736 882 3800 hoc
904 3734 947 3801 ad
968 3734 1079 3799 iorum
1094 3734 1337 3817 conscientiae,
1357 3758 1422 3803 nec
1486 3818 1491 3830 ⁸
1537 3813 1540 3818 ¹

191 3852 340 3919 intendit
356 3850 511 3921 Societas
526 3853 592 3917 hoc
613 3860 743 3936 petere,
769 3870 832 3917 nec
855 3849 887 3917 ei
907 3848 1028 3917 suisset
1048 3869 1263 3931 concessum,
1287 3867 1324 3917 vt
1344 3852 1419 3939 opi-

191 3992 256 4037 nor
273 3966 302 4038 θ.
321 3967 418 4036 Licet
434 3976 548 4035 autem
567 3976 686 4032 uotum
703 3986 771 4031 non
788 3962 961 4045 habuerit,
977 3965 1007 4031 si
1023 3962 1059 4031 in
1075 3986 1218 4053 corpore
1238 3967 1423 4036 Societatis

190 4096 244 4153 est
261 4093 322 4171 per¹
337 4082 616 4151 deliberationem
634 4091 668 4149 et
685 4079 929 4159 obedientiam,
947 4079 978 4149 ei
995 4079 1107 4166 potuit
1127 4083 1192 4147 hoc
1213 4082 1419 4150 beneficium

190 4200 357 4288 impendi.

244 4422 258 4450 ⁸
295 4403 437 4477 accepirit
449 4420 505 4458 mr.
535 4403 867 4469 -btramsmissa'emn
897 4414 946 4445 —0
960 4402 1073 4457 itenere
1083 4420 1142 4457 ars.
1178 4404 1229 4445 -d
1241 4402 1355 4474 opinior
1364 4420 1421 4459 ms.

193 4530 391 4543 .----

246 4596 257 4629 ³
294 4590 512 4648 Theodoricum
525 4590 661 4649 Gerardi.

246 4688 257 4718 ⁸
296 4680 476 4739 Aldenardo.

326 4780 428 4825 Morou.
444 4776 656 4831 Ionan-Erras..
671 4788 729 4822 τοι.
743 4776 776 4823 V.
