3567 5409
36 2400 65 2525 ⁵33³„
49 2428 50 2431 „
36 2232 66 2415 «τω-
36 2198 60 2223 Ξ
37 2146 68 2195 ΞΕ
37 1748 67 2135 ’ἑυῑέ-ὲῐὲὶψέἶέἱ
38 1516 69 1743 *ΞξῑὛπ-υ
38 1378 55 1511 *seu-

36 2942 39 2953 >
39 2916 48 2935 ν
39 2814 50 2827 ¹
35 2766 60 2803 ’τι
35 2650 59 2753 maza:
35 2514 63 2643 *τε-

450 418 504 476 442
829 408 1037 464 Morounrrr
1056 407 1235 464 Inunrrrue

414 559 587 628 monsieur
603 571 617 600 ⁸
632 561 665 629 le
682 562 794 627 Baron
810 561 854 629 de
870 561 904 626 la
918 560 1037 628 Garda
1052 562 1078 642 ³,
1095 563 1237 647 general
1256 561 1347 629 delle
1365 561 1496 647 galtere
1516 561 1574 629 del
1593 582 1641 643 re,

412 686 452 745 et
467 698 488 741 a
504 674 542 741 S.
561 676 649 743 Sria.
669 686 839 761 puotrano
854 677 905 743 sar
926 676 1069 756 ricorso,
1086 677 1213 763 perche
1236 670 1409 744 cr'ediamo
1426 674 1448 743 1'
1465 678 1642 744 hauerano

420 812 482 877 per
497 802 688 879 prottetore
703 792 747 860 de
763 812 800 859 se
816 791 917 859 stessi
933 806 968 858 et
984 794 1016 860 d'
1033 792 1110 859 altri
1126 813 1147 859 a
1162 792 1273 879 gloria
1287 792 1418 859 diuina.

480 890 509 975 E
526 928 626 993 perso
641 907 744 973 etiam
761 929 782 973 a
797 908 842 975 N.
859 908 901 977 P.
919 907 1104 1000 preposito,
1122 911 1227 976 Mtro.
1246 907 1393 995 ignatio,
1411 909 1480 975 che
1496 908 1531 975 io
1548 908 1641 974 haui-

412 1023 481 1090 sasi
496 1024 562 1091 alle
579 1024 651 1090 RR.
670 1024 748 1091 VV.
767 1025 843 1105 che,
862 1024 1072 1093 attendendo
1087 1047 1107 1091 a
1123 1025 1298 1111 predicare
1313 1025 1346 1091 la
1361 1023 1499 1091 dotrina
1512 1044 1642 1092 conue-

414 1138 530 1206 niente
542 1160 602 1227 per
618 1138 641 1205 il
659 1138 778 1207 uiuere
794 1138 919 1221 triane,
937 1161 1007 1206 non
1022 1139 1051 1207 si
1067 1139 1263 1227 impachino
1280 1139 1315 1205 in
1331 1140 1493 1227 ragionar
1508 1142 1552 1208 de
1563 1161 1642 1211 cose

409 1256 457 1323 de
472 1254 567 1321 statti
583 1255 609 1334 ⁴,
628 1255 765 1342 perche,
785 1255 871 1322 oltra
886 1257 952 1321 che
972 1256 1004 1321 la
1023 1255 1206 1342 prudentia
1225 1268 1260 1323 ct
1276 1255 1488 1323 discretione
1502 1270 1603 1323 santa
1619 1254 1640 1320 il

413 1370 552 1453 ricerca,
570 1371 659 1439 nelle
675 1368 913 1437 constitutioni
930 1368 946 1410 b
961 1371 1051 1440 della
1066 1369 1234 1459 religione
1249 1382 1366 1438 nostra
1377 1371 1407 1438 si
1419 1370 1541 1438 ordina
1553 1392 1638 1456 que·

413 1496 468 1553 sto
484 1496 739 1572 espresamente
755 1488 779 1552 ⁸.

479 1602 557 1668 VV.
582 1602 654 1668 RR.
677 1600 710 1667 ci
731 1601 890 1669 scriuano
910 1601 968 1670 del
990 1613 1083 1671 resto
1106 1602 1197 1669 dello
1223 1624 1318 1671 esser
1338 1623 1418 1683 suo,
1439 1624 1461 1669 a
1486 1600 1542 1669 cib
1562 1622 1639 1687 sap-

348 1756 353 1767 ·
411 1716 526 1804 piamo
542 1717 608 1784 che
625 1719 657 1783 n'
674 1719 694 1783 ὲ
710 1718 754 1785 de
769 1718 854 1801 loro,
871 1716 895 1783 il
911 1718 976 1784 che
991 1737 1060 1783 non
1076 1717 1249 1805 possiamo
1269 1739 1340 1785 non
1360 1717 1536 1787 desiderar
1556 1717 1638 1782 mol·

413 1843 460 1913 to,
490 1834 714 1917 quantunche
741 1852 785 1898 ne
812 1833 1005 1901 contidamo
1026 1833 1116 1902 della
1141 1832 1258 1900 diuina
1281 1832 1510 1920 prouidentia,
1540 1833 1638 1917 quale

411 1968 492 2015 ussa
508 1968 576 2013 con
596 1959 683 2017 tutte
699 1968 761 2015 sue
776 1958 946 2031 creature,
963 1960 999 2016 et
1015 1948 1174 2016 massime
1191 1968 1259 2016 con
1274 1948 1298 2014 li
1313 1948 1408 2016 serui
1424 1948 1512 2016 suoi.

477 2052 669 2145 Non'altro,
688 2084 725 2130 se
742 2086 810 2131 non
826 2066 890 2131 che
906 2064 1031 2131 stiamo
1046 2064 1121 2133 sani
1137 2074 1173 2133 et
1188 2064 1220 2131 ci
1236 2066 1520 2133 raccomandanro
1533 2063 1634 2130 molto

317 2262 321 2269 Ι
410 2180 491 2246 nell'
511 2178 657 2245 orationi
673 2190 708 2249 et
722 2178 881 2247 sacrificii
896 2180 986 2248 delle
1002 2182 1074 2247 RR.
1093 2181 1168 2248 VV.

477 2297 531 2363 De
547 2297 655 2363 Roma
672 2313 691 2378 7
708 2296 751 2364 de
767 2296 961 2365 Settembre
981 2311 1079 2380 1553.

429 2464 431 2473 .
476 2410 677 2497 Inscriptio.
697 2410 850 2492 Corsica,
868 2432 929 2498 per
944 2412 1013 2479 don
1029 2412 1213 2481 Siluestro.

462 2620 476 2649 a
514 2606 650 2662 Monsuer
664 2624 719 2665 ms.
756 2608 808 2652 -b
820 2606 1033 2663 constitutione
1046 2625 1103 2665 ms.

409 2729 606 2741 ——n-

461 2794 474 2826 ⁵
510 2792 607 2864 Vulgo
624 2794 827 2866 appellabatur
844 2794 977 2850 «Berone
997 2792 1118 2849 Polino»
1136 2812 1313 2868 quamquam
1330 2794 1369 2849 eil
1386 2809 1441 2850 suo
1458 2810 1529 2850 vero
1547 2810 1630 2849 nome
1750 2807 1751 2814 ¹

405 2898 458 2937 era
471 2883 602 2938 Antonio
615 2882 755 2939 Ascalino
767 2882 912 2954 Capiteno
925 2882 1003 2939 delle
1015 2882 1146 2939 Gunrdie
1158 2882 1206 2939 del
1220 2884 1264 2938 Re
1282 2882 1312 2939 di
1325 2884 1460 2954 Francia,
1475 2882 1512 2939 ed
1526 2883 1629 2939 Ammi-

409 2970 502 3041 raglio
519 2969 550 3027 di
567 2978 672 3043 questa
694 2972 818 3027 Flottar.
842 2970 1010 3042 Cattmnut,
1030 2972 1142 3028 Istoria
1159 2972 1209 3027 del
1231 2974 1383 3046 ragnerii
1404 2972 1538 3040 Corsica,
1560 2984 1580 3031 t.
1594 2972 1627 3041 ΙΙ,

409 3076 477 3133 pag.
493 3072 518 3130 ις
533 3062 628 3133 Epist.
643 3061 769 3130 Mutae,
782 3060 834 3133 ΙΙΙ,
849 3074 913 3132 424.

461 3152 474 3185 ⁴
510 3150 592 3205 Haec
608 3150 699 3206 latine
716 3150 831 3207 reddita
846 3150 994 3222 expressit
1009 3149 1191 3221 ΡοιΑΝουε,
1213 3148 1335 3218 Cliton„
1357 3150 1412 3221 ΙΙΙ,
1431 3164 1492 3222 109:
1509 3150 1630 3207 «Admo-

404 3236 473 3293 nuit
484 3250 583 3294 autem
596 3254 647 3293 eos
660 3256 712 3311 per
725 3238 839 3295 litterae
852 3239 885 3299 P.
898 3238 1030 3309 ignatius
1045 3248 1077 3293 ut
1087 3237 1298 3310 praedicationi
1312 3239 1534 3309 incumberent,
1548 3237 1630 3295 etsie
1749 3239 1750 3296 Ϊ

406 3325 547 3382 advitam
565 3328 733 3384 christianis
749 3326 870 3401 dignam
883 3328 1018 3383 homines
1034 3328 1231 3399 hortarentur,
1247 3338 1280 3384 ut
1301 3328 1333 3384 in
1354 3330 1445 3384 rebus
1467 3329 1504 3385 ad
1525 3337 1627 3385 etatum

403 3426 458 3472 aut
468 3418 714 3489 gubernationem
726 3416 866 3477 Corsicae
880 3416 1096 3487 pertinentibus
1114 3434 1148 3473 ae
1170 3435 1230 3473 non
1246 3417 1450 3474 immiscerent
1466 3434 1521 3474 nec
1539 3417 1576 3473 de
1588 3416 1629 3471 eir

407 3507 628 3577 loquerentur.»
1542 3512 1548 3534 t

460 3596 473 3629 ⁸
508 3594 555 3654 Cf.
572 3594 806 3653 Constitutione
821 3592 978 3653 Societatia
991 3596 1069 3661 Iesu,
1081 3596 1114 3653 P.
1128 3596 1167 3666 X,
1180 3612 1246 3668 cap.
1261 3596 1358 3668 unic.,
1372 3615 1402 3652 n.
1420 3608 1465 3652 11.
