3567 5409
505 446 610 505 Eone.
630 444 784 517 ³7⁸5···2't
803 446 1003 503 suerrum
1023 442 1092 514 1553
1323 456 1376 517 ⁵³⁵

249 598 312 669 Sia
325 601 411 689 Jesu
429 598 495 668 X.⁰
511 598 546 667 in
562 598 683 687 agiuto
696 611 733 667 et
744 601 842 669 fauor
856 598 901 669 de
917 596 1012 667 tutti.
1034 597 1160 669 Amen.

248 716 304 785 De
320 716 428 785 Romo
447 731 490 799 27
507 717 550 783 de
567 716 761 785 Setterubre
777 730 872 799 1553.

254 919 665 989 Messina.-Hebbiamo
686 920 798 989 inteso
820 919 934 1008 (dopoi
954 921 1020 989 che
1040 917 1069 987 si
1088 918 1211 987 scrisse
1231 918 1345 1005 quello
1365 919 1414 987 de

176 1058 284 1124 sopra
301 1036 326 1123 ⁵)
342 1038 409 1107 che
426 1034 450 1102 il
466 1034 618 1105 cardinal
636 1038 748 1105 Puteo
763 1034 898 1125 ‘hoggi
910 1036 1047 1105 haueua
1057 1034 1145 1103 ditto
1160 1056 1180 1103 a
1197 1034 1378 1102 Villanoua
1397 1036 1411 1071 ¹

177 1152 298 1219 chela
314 1150 447 1219 minuta
469 1152 525 1220 del
545 1153 652 1221 breue
669 1161 768 1221 staua
789 1151 857 1221 mal
878 1149 977 1233 satta,
999 1161 1035 1219 et
1054 1152 1119 1219 che
1136 1149 1161 1216 l'
1187 1148 1406 1219 acconciauae

178 1266 288 1335 credo
305 1289 369 1353 pur
385 1276 501 1355 presto
516 1266 547 1335 si
561 1266 731 1357 espediri.

250 1384 449 1471 Inscriptio.
477 1383 544 1452 Per
571 1383 593 1450 il
622 1381 810 1453 medesimo
836 1384 889 1471 [P.
920 1385 1025 1453 Mtro.
1055 1381 1256 1453 Hieronimo
1280 1383 1413 1450 Deme«

180 1496 297 1589 nech].

650 1690 658 1705 ·
744 1668 850 1752 3785

490 1810 652 1880 PATRI
682 1812 860 1881 PAULO
890 1809 1110 1879 ACHILLI

563 1952 652 1997 nour
667 1952 703 2011 27
715 1932 910 1999 ammte
925 1937 1030 2010 1113·-

180 2054 227 2109 De
241 2056 368 2129 acceptis
382 2056 587 2113 titurio-De
607 2056 761 2114 Vincentio
772 2056 846 2123 Roo,
858 2056 901 2111 ad
908 2056 1112 2113 sacerdotium
1114 2054 1317 2127 provehendo.-
1322 2070 1413 2109 error

336 2145 487 2201 admistus
500 2146 619 2219 corrigi
630 2144 826 2217 potest.·-De
834 2144 995 2201 retinendo
1003 2144 1130 2201 Andron
1142 2142 1254 2199 Frisio.

252 2262 324 2327 Pax
341 2258 398 2329 Xi

250 2374 468 2445 Riceuesimo
489 2378 578 2445 della
602 2379 643 2447 R.
669 2379 712 2446 V.
737 2378 805 2445 due
825 2377 946 2445 lettere
967 2375 1126 2455 insieme,
1148 2376 1192 2443 de
1214 2393 1234 2442 2
1253 2384 1288 2444 et
1307 2396 1329 2463 9
1354 2374 1410 2443 del

182 2500 354 2578 presente,
372 2490 431 2583 [et]
450 2489 509 2559 un'
525 2493 612 2561 altra
628 2514 688 2579 per
703 2492 906 2581 monsignor
921 2494 1093 2561 Thomeeo
1105 2493 1149 2559 de
1159 2490 1290 2579 Giglio‚
1304 2500 1340 2557 et
1356 2490 1411 2556 in·

185 2606 392 2677 tendesuimo
404 2628 498 2677 esser
514 2608 572 2696 gii
584 2608 701 2696 partiti
712 2630 774 2695 per
786 2607 936 2678 Messina
947 2606 1051 2695 quelli
1063 2609 1128 2675 che
1139 2608 1323 2675 doueuono
1334 2628 1410 2693 par-

185 2720 260 2802 tire,
274 2734 311 2790 et
327 2722 380 2791 ira
395 2724 467 2791 loro
483 2722 507 2789 il
524 2726 565 2792 P.
584 2726 688 2793 Mtro.
707 2725 882 2793 Bernardo
899 2727 925 2807 ¹,
943 2723 1077 2792 benehe
1091 2744 1197 2810 penso
1213 2723 1288 2790 sard
1309 2720 1412 2791 facile

185 2838 252 2907 che
268 2838 388 2905 ritorni
406 2860 466 2927 per
482 2861 552 2909 non
569 2838 686 2909 esserli
701 2838 774 2909 cosi
790 2841 907 2907 buono
922 2839 1014 2926 quel'
1031 2858 1120 2907 aere.

163 2948 169 2971 '
250 2954 352 3023 Circa
369 2956 402 3023 la
418 2955 557 3024 licentia
572 2978 632 3045 per
649 2968 768 3025 nostro
782 2955 917 3025 fratello
933 2958 1037 3025 Mtro.
1055 2952 1214 3023 Vicentio
1230 2955 1255 3034 ³,
1273 2953 1298 3020 l'
1315 2974 1409 3021 erro·

185 3092 222 3139 re
237 3069 267 3137 si
284 3070 361 3141 lece
376 3070 657 3159 simplicemente;
672 3082 707 3141 et
722 3071 994 3140 informandome
1005 3069 1039 3137 io
1050 3069 1086 3136 di
1101 3092 1181 3157 qua,
1204 3076 1329 3136 truouo
1344 3071 1414 3138 che

188 3206 255 3253 non
275 3184 326 3253 sia
341 3186 620 3271 inconueniente‚
639 3188 764 3277 perche
780 3208 852 3255 non
867 3186 1022 3275 depende
1037 3186 1070 3252 la
1089 3184 1228 3254 licentia
1248 3184 1304 3252 del
1323 3204 1412 3271 papa

188 3301 243 3369 nel
263 3300 476 3388 magisterio,
494 3302 574 3371 etsi
591 3302 781 3389 puotrhdir
801 3301 871 3369 cosi
891 3323 912 3368 a
931 3298 1132 3388 monsignor
1151 3299 1175 3366 il
1195 3298 1321 3367 vicario
1341 3300 1368 3380 ⁴,
1389 3322 1414 3375 a¹

188 3416 241 3482 chi
260 3417 387 3485 deuerd
402 3420 635 3505 promouerlo.
663 3420 707 3485 Et
717 3440 757 3488 ce
773 3440 838 3505 pur
858 3439 919 3506 per
938 3438 1003 3485 sua
1021 3415 1238 3484 satisfacione
1254 3414 1412 3482 uolesino

189 3534 244 3597 un’
261 3532 349 3600 altra
366 3532 594 3620 suplicatione
605 3534 661 3601 del
673 3532 858 3603 medesimo
875 3542 985 3615 tenor,
1004 3533 1118 3601 leuato
1134 3531 1158 3597 il
1173 3530 1369 3619 magisterio
1382 3532 1412 3610 ⁸2

184 3670 380 3685 ——h—

235 3736 247 3767 ³
287 3735 363 3793 Vide
376 3738 529 3811 epistolam
543 3738 735 3810 superiorem.

237 3827 248 3859 ⁸
288 3825 417 3897 Jacobur
430 3827 552 3883 Puteus.

238 3914 250 3949 ⁸
289 3916 463 3973 Franciecue
476 3916 643 3977 Vitteneve.

238 4049 245 4081 ¹
284 4046 328 4101 Ex
340 4048 443 4105 codice
456 4050 576 4122 Regni.
588 4050 614 4117 I,
628 4048 679 4107 iol.
693 4046 753 4106 331.

238 4132 251 4169 ¹
287 4138 452 4195 Bernardus
466 4130 626 4198 Oliueriue.

236 4232 248 4266 ³
285 4228 458 4287 Vincentius
471 4228 543 4288 Roa.

154 4308 157 4317 λ
234 4324 247 4357 ⁴
289 4318 425 4375 vicarius
439 4318 659 4391 panormitanus
672 4316 813 4372 Nicolaue
826 4316 1001 4372 Vincentius
1016 4315 1054 4372 de
1071 4315 1217 4373 Bononia?
1229 4317 1305 4374 Vide
1312 4334 1414 4390 supra²

185 4408 301 4481 11,109⁴

235 4500 247 4534 ¹
288 4496 404 4569 Nempe
417 4494 447 4553 iu
461 4495 563 4552 libello
576 4492 720 4568 supplice,
733 4494 954 4567 quopetebatur
960 4501 993 4549 ut
999 4494 1174 4551 Vincentius
1183 4494 1245 4551 Rea
1258 4495 1295 4552 ed
1315 4512 1409 4553 recer-

186 4586 297 4643 dotium
311 4586 537 4659 proveheretur,
553 4600 605 4657 per
618 4598 747 4639 errorem
761 4582 903 4654 magister
913 4582 1079 4655 theologiae
1096 4600 1163 4639 esse
1180 4584 1230 4640 ille
1247 4584 1414 4659 dicebatur,

185 4690 248 4731 cum
264 4674 467 4745 «theologus»,
482 4671 583 4745 idest,
600 4671 766 4743 theologiae
779 4671 895 4727 auditor
907 4681 998 4728 esset.
