3567 5409
428 507 482 581 390'
806 508 1015 567 uonuunmn
1033 507 1211 562 laniamus

394 674 458 731 ret.
478 664 539 729 Est
554 682 639 749 ergo
654 661 701 727 illi
718 659 922 748 permissum
939 672 977 726 ut
992 680 1075 726 suos
1089 658 1284 739 inusserat,
1301 670 1338 728 et
1352 680 1504 728 mensem
1521 662 1624 727 dum-

397 789 490 845 taxat
505 773 611 843 vsnum
627 778 720 865 apud
734 798 796 845 eos
807 784 964 843 maneret
980 778 1105 863 (neque
1120 773 1211 842 enim
1227 775 1373 861 amplius
1387 776 1445 843 ille
1456 776 1621 863 petebat),

395 915 436 961 ac
450 894 575 961 deinde
590 916 629 963 se
643 895 688 960 ad
704 895 748 961 V.
768 894 810 960 R.
827 893 999 959 conferret
1018 911 1127 976 vsque
1147 891 1191 956 ad
1211 890 1344 957 initium
1366 890 1535 972 autumni,
1554 912 1625 977 quo

397 1022 549 1096 tempore
564 1009 674 1077 redire
690 1032 728 1078 se
742 1008 830 1077 velle
845 1008 993 1076 dicebat.
1015 1004 1204 1098 Adldlitum
1223 1020 1276 1073 est
1293 1016 1407 1075 tamen
1426 1008 1505 1087 hcc,
1524 1018 1579 1091 ut,
1595 1005 1626 1075 si

396 1126 486 1211 apud
502 1137 661 1212 parentes
675 1126 763 1190 vltra
783 1145 935 1191 mensem
951 1132 1117 1203 maneret,
1140 1122 1338 1191 infirmitate
1357 1144 1426 1189 non
1447 1124 1624 1203 detentus,

396 1241 502 1309 V.·R.
524 1262 604 1307 eum
625 1262 695 1307 non
715 1238 889 1325 exciperet
909 1237 1013 1318 domi,
1036 1238 1146 1305 donec
1168 1238 1212 1305 ad
1231 1259 1295 1305 nos
1317 1238 1481 1307 scriberet
1508 1248 1547 1307 et
1574 1260 1625 1305 re·

398 1378 560 1442 sponsum
576 1356 759 1442 acciperet.
777 1355 876 1422 Haec
890 1354 935 1421 de
944 1354 1076 1442 Jacobo
1090 1352 1182 1420 dicta
1198 1352 1278 1435 sint,
1297 1374 1399 1441 quem
1415 1376 1483 1441 ego
1503 1354 1539 1421 in
1557 1355 1625 1421 X.⁰

397 1470 504 1557 diligo
534 1492 606 1537 non
640 1468 801 1537 mediocri
829 1470 958 1538 affectu
994 1480 1029 1536 et
1064 1469 1186 1537 crebro
1218 1471 1294 1537 Deo
1329 1469 1558 1553 commendo,
1591 1479 1627 1535 et

398 1587 443 1655 V.
462 1586 572 1655 Rtiae.
590 1608 669 1654 eum
685 1584 857 1652 exanimo
873 1586 1087 1653 commendo.
1128 1624 1131 1631 ·

422 1745 424 1750 -
459 1703 519 1770 De
533 1700 639 1768 bullis
656 1700 805 1769 fabricae
819 1704 915 1786 Mag.
934 1702 1100 1768 Vsmarus
1119 1702 1142 1735 ¹¹
1161 1701 1248 1767 forte
1265 1702 1484 1787 respondebit
1504 1700 1625 1768 distin·

399 1816 500 1899 etius,
524 1817 625 1884 euius
644 1816 761 1885 literas
780 1836 858 1882 cum
880 1814 963 1903 ipsis
983 1815 1085 1884 bullis
1112 1816 1188 1883 heic
1209 1816 1320 1899 mitt0,
1345 1828 1381 1885 et
1403 1816 1541 1902 quidem
1567 1838 1626 1903 per

398 1934 575 2000 dominum
592 1930 754 2001 Aletrium
779 1933 972 1999 Fontanum
1000 1931 1037 2011 ¹¹,
1064 1931 1211 2017 quanuis
1231 1954 1309 1999 raro
1329 1954 1390 2019 per
1409 1954 1489 2000 eum
1510 1932 1625 2000 mitte-

398 2070 489 2131 mus3
507 2046 702 2136 experimur
717 2046 807 2131 enim
827 2047 937 2115 serius
953 2048 996 2113 ad
1011 2068 1076 2114 nos
1096 2048 1276 2135 peruenire
1295 2047 1413 2115 literas
1431 2070 1493 2135 per
1512 2047 1624 2135 ipsum

399 2162 533 2231 missas.
1176 2172 1178 2177 '

421 2318 424 2324 ·
466 2280 642 2365 Quasdam
658 2277 774 2347 literas
789 2276 983 2364 hispanicas
999 2276 1151 2363 praecisa
1167 2277 1395 2347 subscritione
1415 2280 1621 2366 accepimus.

398 2395 437 2465 Si
463 2395 592 2465 fuerint
619 2398 713 2481 Mag.
743 2393 877 2480 Campi,
907 2394 950 2460 V.
979 2395 1021 2461 R.
1049 2392 1160 2480 ipsum
1184 2394 1384 2462 resalutabit
1403 2395 1567 2479 officiose3
1590 2406 1624 2465 et

400 2511 487 2579 Rdo.
506 2510 648 2577 domino
662 2508 867 2577 cancellario
890 2510 914 2543 ¹⁸
933 2511 1037 2575 Pater
1052 2508 1088 2575 in
1108 2510 1246 2577 Christo
1266 2521 1383 2579 noster
1405 2522 1441 2578 et
1464 2510 1625 2578 uniuersa

399 2625 553 2694 Societas
568 2648 611 2694 ex
626 2625 740 2692 animo
754 2646 794 2693 se
808 2624 1064 2697 commendant.

465 2743 668 2809 Gaudemus
694 2742 731 2805 in
757 2739 907 2809 Domino
934 2751 969 2809 et
995 2740 1220 2808 aedificamur·
1241 2743 1397 2829 exemplo
1423 2742 1622 2810 humilitatis

400 2859 441 2924 R.
459 2860 499 2924 P.
518 2856 646 2926 domini
661 2855 796 2925 abbatis
811 2855 971 2941 lyciensis
986 2854 1001 2896 Β
1019 2856 1055 2923 “.
1076 2856 1248 2943 Dignetur
1263 2857 1380 2927 diuina
1395 2858 1532 2925 bonitas
1546 2878 1623 2925 eum

400 2972 501 3040 donis
517 2972 589 3039 suis
604 2972 837 3059 spiritualibus
851 2972 1040 3041 cumulare.

466 3091 520 3157 De
536 3088 710 3169 facultate,
728 3108 830 3173 quam
850 3087 1103 3155 communicare
1121 3089 1223 3157 uellet
1239 3090 1283 3156 V.
1303 3091 1344 3156 R.
1363 3089 1429 3170 his,
1453 3089 1512 3175 qui
1527 3108 1623 3159 exer-

400 3215 523 3270 centur
538 3202 772 3289 spiritualiter,
790 3224 859 3269 non
876 3202 978 3271 uideo
998 3224 1100 3291 quam
1116 3204 1253 3273 deceret
1269 3225 1333 3271 nos
1353 3204 1550 3273 huiusmodi
1566 3224 1624 3292 pe·

401 3329 485 3399 tere,
509 3340 554 3387 ne
574 3318 752 3385 uideamur
772 3318 823 3405 (ut
852 3318 989 3402 quidam
1017 3316 1192 3407 obiiciunt)
1220 3321 1312 3404 quod
1339 3320 1454 3387 omnia
1482 3319 1623 3389 uelimus

401 3433 594 3520 complecti.
618 3431 776 3517 Alioqui,
798 3432 827 3499 si
848 3432 940 3501 domi
967 3445 1103 3501 nostrae
1130 3445 1345 3516 exercentur,
1370 3456 1435 3503 nos
1462 3438 1624 3503 habemus

369 3582 378 3615 r
402 3548 599 3617 facultatem
621 3549 738 3616 altaris
760 3548 945 3635 portatilis,
969 3561 1006 3614 ut
1028 3548 1144 3617 uidere
1164 3561 1217 3619 est
1243 3550 1279 3618 in
1306 3551 1399 3618 bulla
1425 3552 1621 3639 gratiarum.

400 3691 613 3704 ——-—-·-——·—

454 3758 467 3797 δ
504 3754 666 3827 lynciensis
679 3771 735 3809 ms.

446 3928 468 3960 ¹¹
505 3926 649 3982 Usmarus
674 3924 865 3995 Goissoniue,
889 3922 928 3979 de
957 3940 1016 3997 quo
1044 3925 1128 3997 plura
1156 3926 1301 3981 habentur
1333 3924 1410 3998 apud
1439 3925 1620 3995 Potaucmt,

402 4012 525 4079 Cltron„
540 4014 591 4085 111,
608 4012 672 4085 283,
685 4022 784 4070 annot.
798 4011 826 4071 3.
840 4012 931 4069 Porro
944 4011 992 4083 agi
1005 4012 1054 4068 hic
1067 4012 1185 4069 videtur
1194 4013 1231 4071 de
1241 4013 1330 4071 bullis
1340 4012 1469 4070 fabricae
1479 4012 1534 4073 Sti.
1547 4012 1623 4071 Petri

400 4104 521 4161 Romae.

445 4195 467 4227 '³
503 4192 579 4247 Vide
592 4192 748 4265 epistolam
761 4192 958 4263 superiorem.

444 4284 467 4316 ¹¹
503 4280 780 4352 Ruardo'lappero.

445 4372 468 4406 ¹·
505 4370 649 4427 Ludovici
662 4370 763 4442 Blosii‚
776 4371 862 4443 cujus
875 4381 994 4430 exstant
1007 4372 1127 4445 egregia
1140 4372 1248 4428 amoris
1260 4371 1306 4428 aui
1318 4373 1351 4429 in
1372 4372 1552 4430 Societatem
1569 4386 1623 4427 mo·

400 4470 551 4520 numenta.
563 4461 744 4532 PotittCUS,
759 4460 882 4527 chron,
895 4463 947 4534 lll,
959 4461 1012 4518 283
1022 4472 1052 4519 et
1062 4462 1125 4534 284;
1139 4464 1214 4517 Acta
1225 4462 1421 4533 Sanctorum,
1431 4464 1561 4535 Januarii
1570 4469 1590 4517 t.
1600 4460 1620 4531 l,

400 4566 468 4621 pag.
482 4547 547 4632 443,
568 4550 636 4604 Vita
653 4550 723 4604 Ven.
740 4548 884 4605 Μανία·
897 4550 1006 4624 Blasii,
1019 4568 1084 4623 cap.
1098 4550 1207 4619 XVIll,
1222 4568 1251 4608 n.
1264 4551 1311 4623 613
1327 4550 1424 4623 Epist.
1439 4550 1563 4617 Histoe,
1575 4549 1621 4619 111,

401 4653 467 4709 559.
483 4636 694 4710 Apologeticae
712 4637 845 4710 ejusdem
861 4655 915 4711 pro
934 4639 1084 4696 Societate
1105 4639 1222 4696 litterae
1239 4642 1386 4697 habentur
1402 4641 1433 4697 in
1448 4657 1538 4715 opere
1555 4639 1622 4696 Cur·

397 4738 456 4796 ἴω»
471 4729 587 4797 11,507.
849 4751 852 4757 ’
