3567 5409
536 450 638 507 Errsr.
658 446 814 519 3928.-23
833 449 1022 505 Novauaars
1043 447 1113 519 1553
1345 462 1400 521 719

195 604 368 662 nasterium
382 604 457 661 satis
471 603 619 678 amplum,
633 604 665 661 in
680 581 1010 678 quocommodissime
1024 620 1117 681 agere
1132 611 1278 677 poterunt
1289 601 1310 675 ²,
1322 604 1434 663 necubi

196 710 277 785 ipsis
291 710 405 769 modus
419 719 452 769 et
465 712 590 769 occasio
606 712 657 768 vel
672 711 824 785 populum
835 728 852 769 e
863 718 1013 788 suggestu
1024 710 1170 783 docendi,
1182 712 1232 769 vel
1238 711 1435 785 iuuentutem

197 819 231 875 in
248 818 364 875 scholis
378 816 543 875 emdiendi
558 818 672 876 deesse
686 817 838 876 uideatur.
853 815 933 877 Cum
944 826 1164 877 autemeorum
1175 835 1320 877 numerus
1331 819 1362 875 in
1377 819 1435 877 hac

196 924 278 982 vrbe
289 934 322 984 et
335 925 497 983 academia
511 935 617 983 nostra
630 924 804 997 viennensi,
823 925 849 982 si
867 924 1055 983 celebritatis
1076 931 1107 983 et
1125 925 1338 999 amplitudinis
1358 925 1435 983 ratio

196 1032 360 1105 habeatur,
373 1033 412 1089 sit
426 1032 596 1094 admodum
611 1032 754 1109 exiguus,
770 1033 905 1106 petimus
919 1032 1017 1109 abste
1029 1031 1225 1110 benignene,
1238 1032 1349 1091 auditis
1361 1032 1435 1090 alio·

196 1156 268 1198 rum
282 1140 537 1214 persuasionibus
550 1139 601 1197 vel
615 1139 752 1211 monitis,
765 1139 862 1197 vllum
876 1140 949 1198 hinc
969 1157 1011 1198 ex
1030 1140 1212 1199 doctoribus
1230 1148 1263 1197 et
1280 1140 1436 1217 magistris

194 1254 326 1305 sanctae
340 1247 427 1305 istius
441 1245 608 1305 Societatis
619 1247 753 1305 nominis
761 1247 835 1320 Jesu
846 1245 993 1305 fratribus
1003 1246 1063 1304 tuis
1074 1246 1173 1317 tollaS,
1186 1247 1241 1305 sed
1254 1247 1356 1320 potius
1369 1248 1436 1319 plu-

195 1372 250 1412 res
264 1354 327 1413 huc
341 1355 455 1425 mittas,
469 1362 521 1412 aut
535 1354 646 1412 saltem
661 1354 713 1427 qui
728 1354 790 1411 iam
804 1352 920 1411 adsunt
934 1353 1130 1427 multiplicari
1145 1354 1237 1424 sinas,
1255 1371 1373 1412 memor
1386 1354 1436 1412 uel

195 1480 309 1521 earum
324 1478 495 1533 causarum,
510 1479 589 1535 quas
603 1460 700 1519 modo
714 1460 940 1533 recensuimus,
954 1463 1006 1519 vel
1025 1462 1110 1535 quod
1131 1462 1241 1519 messis
1261 1462 1300 1520 sit
1313 1479 1436 1540 magna,

196 1569 335 1644 operarii
351 1576 455 1627 autem
469 1569 561 1643 pauci
576 1579 596 1625 ³.
613 1567 707 1642 Quod
722 1568 747 1626 si
761 1569 883 1641 feceris,
899 1570 990 1627 sicuti
1001 1569 1093 1627 nobis
1104 1568 1143 1626 de
1154 1576 1207 1627 tua
1218 1570 1335 1643 pietate
1345 1569 1436 1644 plane

197 1677 393 1751 pollicemur,
412 1677 507 1735 iacies
525 1694 605 1750 opus
623 1674 693 1735 Deo
712 1683 834 1752 gratum
855 1685 887 1735 et
906 1677 1095 1735 christianae
1113 1675 1187 1735 fidei
1202 1685 1329 1735 nostrae
1344 1678 1436 1735 valde

196 1784 342 1855 salutare,
362 1800 485 1857 nosque
503 1784 641 1859 idipsum
662 1800 738 1861 erga
756 1790 788 1842 te
807 1791 841 1842 et
858 1784 1075 1843 honorabilem
1093 1783 1272 1860 religiosum
1295 1783 1437 1842 ordinem

199 1892 295 1950 istum
309 1893 489 1951 uniuersum
505 1890 711 1969 perbenigne,
726 1890 799 1949 data
812 1892 991 1962 occasione,
1008 1907 1271 1967 recognoscemus
1284 1888 1306 1948 ⁸.

259 1998 377 2057 Datum
387 2000 419 2057 in
430 2000 558 2057 ciuitate
569 2006 675 2057 nostra
686 1998 819 2069 Vienna,
831 1998 883 2055 die
898 2006 1006 2072 quarta
1021 1999 1138 2056 mensis
1149 1997 1340 2057 Nouembris
1353 2014 1437 2056 anno

196 2107 326 2165 Domini
345 2106 387 2165 M.
401 2106 441 2166 D.
456 2106 483 2164 L
498 2106 566 2177 lIl⁰;
581 2124 749 2183 regnorum
771 2115 959 2177 nostrorum,
985 2106 1128 2179 Romani,
1153 2106 1282 2177 XXllI⁰,
1308 2106 1437 2163 aliorum

198 2230 288 2285 vero,
302 2214 449 2271 XXVlI⁰.

1035 2330 1275 2389 Fannrunnnus.

260 2465 310 2522 Ad
327 2464 508 2524 mandatum
519 2483 626 2525 sacrae
640 2467 746 2543 regiae
760 2463 851 2523 Ma.tis
860 2466 1022 2541 proprium
1036 2466 1062 2539 J.
1077 2466 1171 2539 Jonas
1186 2464 1225 2525 D.
1241 2467 1437 2525 vicecancel-

197 2571 302 2630 larius.

672 2679 714 2737 M.
730 2678 963 2757 Singlrhmoser.

259 2802 432 2881 Inscriptio.
448 2804 644 2876 Honorabili,
658 2806 815 2881 religioso,
830 2804 948 2863 deuoto
963 2804 1064 2875 nobis,
1080 2804 1195 2862 dilecto
1210 2804 1301 2864 Mtro.
1317 2804 1437 2882 Ignatio

194 2911 239 2967 de
254 2910 384 2986 Loyola,
399 2912 525 2971 fratrum
539 2913 704 2971 Societatis
718 2911 854 2971 nominis
865 2912 940 2985 Jesu
955 2913 1134 2985 praeposito
1148 2913 1295 2989 generali.

259 3018 331 3076 Alia
344 3037 446 3077 manu.
465 3031 549 3095 1553.
565 3020 699 3078 Vienna.
716 3019 774 3077 Del
785 3037 818 3078 re
833 3019 866 3076 di
880 3019 1042 3089 romani,4
1058 3018 1089 3076 di
1105 3018 1294 3077 Nouembre.

259 3124 366 3184 Manet
374 3145 443 3184 cera
457 3126 554 3184 rubra
565 3126 671 3202 sigilli.

767 3315 872 3397 3928

389 3458 530 3523 annai
553 3456 767 3524 nicoeno
794 3456 979 3542 LANOJO
1011 3456 1070 3521 ax
1097 3454 1250 3523 contr.
1334 3410 1335 3413 Ὺ

578 3603 667 3645 noun
687 3588 721 3643 23
740 3602 922 3645 novarianis
945 3587 1013 3656 1553
1035 3588 1056 3645 ¹.

240 3708 430 3763 Litterarum
442 3708 484 3762 od
499 3706 649 3777 Lanojum
663 3705 833 3778 exemplum
846 3706 980 3760 alterum
1001 3706 1258 3759 mittin-Morem
1273 3707 1318 3760 ita
1331 3706 1397 3760 vuli

295 3797 453 3851 cardinali
462 3801 638 3870 augustano
647 3814 765 3869 gerere,
780 3801 814 3851 ut
827 3814 880 3851 rex
894 3796 1109 3851 Feralinamlus
1122 3802 1275 3851 contentus
1288 3799 1337 3851 sit.
1410 3824 1414 3834 .

268 3924 339 3991 Pax
356 3924 500 3990 Christi.

266 4038 477 4106 Charissimo
495 4040 606 4106 Padre
619 4039 655 4104 in
666 4042 750 4127 Jesh
767 4038 832 4104 X.⁰

265 4154 336 4240 Qui
349 4156 473 4221 mando
490 4156 523 4221 la
538 4154 637 4240 copia
653 4156 697 4223 de
714 4153 772 4220 un'
788 4156 875 4220 altra
892 4155 1013 4222 lettera
1030 4176 1089 4239 per
1107 4156 1150 4221 V.
1166 4158 1223 4239 R,
1238 4158 1318 4224 data
1331 4160 1374 4224 ad
1389 4180 1436 4225 un

251 4322 263 4354 ¹
298 4323 510 4379 Monasterium
521 4324 753 4379 carmelitarum.
767 4322 951 4393 poraneus,
965 4323 1088 4389 Chron„
1100 4324 1152 4401 111,
1169 4327 1230 4394 2583
1242 4328 1294 4398 IV,
1307 4326 1435 4398 232-234.

251 4415 262 4445 ³
300 4414 443 4483 Murra„
457 4413 510 4483 tx,
524 4410 570 4485 373
585 4413 675 4483 Luc,
693 4425 737 4481 10,
751 4426 778 4470 2.

251 4506 262 4537 ⁸
299 4502 379 4573 Quid
393 4501 578 4557 Ferdinando
591 4502 604 4556 l
618 4502 750 4573 [gnatius
760 4502 947 4573 responderit
957 4511 1075 4559 constat
1089 4521 1125 4558 ex
1137 4505 1262 4577 epistola
1272 4506 1434 4579 superiore.

251 4682 259 4714 ¹
300 4683 343 4735 Ex
357 4681 459 4736 codice
477 4683 593 4753 Regest.
610 4682 633 4742 l,
651 4680 700 4738 iol.
716 4692 794 4734 211r.
