<?xml version="1.0" encoding="UTF-8"?>
<!DOCTYPE html PUBLIC "-//W3C//DTD XHTML 1.0 Transitional//EN"
    "http://www.w3.org/TR/xhtml1/DTD/xhtml1-transitional.dtd">
<html xmlns="http://www.w3.org/1999/xhtml" xml:lang="en" lang="en">
 <head>
  <title>
</title>
<meta http-equiv="Content-Type" content="text/html;charset=utf-8" />
  <meta name='ocr-system' content='tesseract 3.04.00' />
  <meta name='ocr-capabilities' content='ocr_page ocr_carea ocr_par ocr_line ocrx_word'/>
</head>
<body>
  <div class='ocr_page' id='page_1' title='image "./monumentaignati02ignagoog_0745.png"; bbox 0 0 3567 5409; ppageno 0'>
   <div class='ocr_carea' id='block_1_1' title="bbox 526 488 1398 563">
    <p class='ocr_par' dir='ltr' id='par_1_1' title="bbox 526 488 1398 563">
     <span class='ocr_line' id='line_1_1' title="bbox 526 488 1398 563; baseline 0.005 -18"><span class='ocrx_word' id='word_1_1' title='bbox 526 491 630 550; x_wconf 79' lang='lat' dir='ltr'>Errsr.</span> <span class='ocrx_word' id='word_1_2' title='bbox 650 488 1015 562; x_wconf 77' lang='lat' dir='ltr'>3944.-28Novuunn1s</span> <span class='ocrx_word' id='word_1_3' title='bbox 1037 490 1106 562; x_wconf 83' lang='lat'>1553</span> <span class='ocrx_word' id='word_1_4' title='bbox 1343 492 1398 563; x_wconf 87' lang='lat'>739</span> 
     </span>
    </p>
   </div>
   <div class='ocr_carea' id='block_1_2' title="bbox 127 641 1446 4083">
    <p class='ocr_par' dir='ltr' id='par_1_2' title="bbox 127 641 1446 4083">
     <span class='ocr_line' id='line_1_2' title="bbox 196 641 1433 732; baseline 0.005 -25"><span class='ocrx_word' id='word_1_5' title='bbox 196 641 413 710; x_wconf 77' lang='lat' dir='ltr'>nestorianos</span> <span class='ocrx_word' id='word_1_6' title='bbox 427 643 540 710; x_wconf 91' lang='lat' dir='ltr'>visum</span> <span class='ocrx_word' id='word_1_7' title='bbox 552 654 605 711; x_wconf 90' lang='lat' dir='ltr'>est</span> <span class='ocrx_word' id='word_1_8' title='bbox 620 646 645 711; x_wconf 77' lang='lat'>⁴.</span> <span class='ocrx_word' id='word_1_9' title='bbox 665 646 719 713; x_wconf 85' lang='lat' dir='ltr'>Ex</span> <span class='ocrx_word' id='word_1_10' title='bbox 735 644 882 732; x_wconf 88' lang='lat' dir='ltr'>collegio</span> <span class='ocrx_word' id='word_1_11' title='bbox 893 644 997 711; x_wconf 89' lang='lat' dir='ltr'>etiam</span> <span class='ocrx_word' id='word_1_12' title='bbox 1009 644 1303 713; x_wconf 83' lang='lat' dir='ltr'>hierosolimitano</span> <span class='ocrx_word' id='word_1_13' title='bbox 1314 666 1433 713; x_wconf 88' lang='lat' dir='ltr'>como·</span> 
     </span>
     <span class='ocr_line' id='line_1_3' title="bbox 196 756 1433 849; baseline 0.003 -26"><span class='ocrx_word' id='word_1_14' title='bbox 196 756 276 825; x_wconf 91' lang='lat' dir='ltr'>dius</span> <span class='ocrx_word' id='word_1_15' title='bbox 293 779 371 825; x_wconf 88' lang='lat' dir='ltr'>curn</span> <span class='ocrx_word' id='word_1_16' title='bbox 387 758 441 825; x_wconf 91' lang='lat' dir='ltr'>his</span> <span class='ocrx_word' id='word_1_17' title='bbox 457 770 492 829; x_wconf 91' lang='lat' dir='ltr'>et</span> <span class='ocrx_word' id='word_1_18' title='bbox 507 758 583 826; x_wconf 88' lang='lat' dir='ltr'>aliis</span> <span class='ocrx_word' id='word_1_19' title='bbox 594 760 810 829; x_wconf 86' lang='lat' dir='ltr'>orientalium</span> <span class='ocrx_word' id='word_1_20' title='bbox 819 760 1086 828; x_wconf 87' lang='lat' dir='ltr'>christianorum</span> <span class='ocrx_word' id='word_1_21' title='bbox 1099 760 1286 849; x_wconf 88' lang='lat' dir='ltr'>generibus</span> <span class='ocrx_word' id='word_1_22' title='bbox 1297 783 1433 831; x_wconf 89' lang='lat' dir='ltr'>comer·</span> 
     </span>
     <span class='ocr_line' id='line_1_4' title="bbox 198 873 1435 963; baseline 0.005 -24"><span class='ocrx_word' id='word_1_23' title='bbox 198 873 293 939; x_wconf 88' lang='lat' dir='ltr'>cium</span> <span class='ocrx_word' id='word_1_24' title='bbox 315 874 423 942; x_wconf 86' lang='lat' dir='ltr'><strong>nostri</strong></span> <span class='ocrx_word' id='word_1_25' title='bbox 443 876 605 943; x_wconf 89' lang='lat' dir='ltr'>videntur</span> <span class='ocrx_word' id='word_1_26' title='bbox 629 876 795 960; x_wconf 89' lang='lat' dir='ltr'>habituri,</span> <span class='ocrx_word' id='word_1_27' title='bbox 820 897 899 944; x_wconf 88' lang='lat' dir='ltr'>cum</span> <span class='ocrx_word' id='word_1_28' title='bbox 924 898 967 945; x_wconf 88' lang='lat' dir='ltr'>eo</span> <span class='ocrx_word' id='word_1_29' title='bbox 986 879 1227 963; x_wconf 75' lang='lat' dir='ltr'>undecumque</span> <span class='ocrx_word' id='word_1_30' title='bbox 1248 878 1435 945; x_wconf 89' lang='lat' dir='ltr'>conuolent</span> 
     </span>
     <span class='ocr_line' id='line_1_5' title="bbox 198 990 1358 1078; baseline 0.005 -23"><span class='ocrx_word' id='word_1_31' title='bbox 198 990 243 1055; x_wconf 90' lang='lat' dir='ltr'>ad</span> <span class='ocrx_word' id='word_1_32' title='bbox 258 990 400 1057; x_wconf 87' lang='lat' dir='ltr'>Domini</span> <span class='ocrx_word' id='word_1_33' title='bbox 416 993 650 1078; x_wconf 82' lang='lat' dir='ltr'><strong>sepulchrum.</strong></span> <span class='ocrx_word' id='word_1_34' title='bbox 1355 1058 1358 1061; x_wconf 87' lang='lat'><strong>.</strong></span> 
     </span>
     <span class='ocr_line' id='line_1_6' title="bbox 265 1105 1435 1198; baseline 0.003 -25"><span class='ocrx_word' id='word_1_35' title='bbox 265 1108 335 1173; x_wconf 87' lang='lat' dir='ltr'>lam</span> <span class='ocrx_word' id='word_1_36' title='bbox 352 1105 471 1193; x_wconf 87' lang='lat' dir='ltr'>scripsi</span> <span class='ocrx_word' id='word_1_37' title='bbox 488 1129 591 1193; x_wconf 90' lang='lat' dir='ltr'>quam</span> <span class='ocrx_word' id='word_1_38' title='bbox 606 1109 698 1177; x_wconf 90' lang='lat' dir='ltr'>serio</span> <span class='ocrx_word' id='word_1_39' title='bbox 720 1123 845 1197; x_wconf 82' lang='lat' dir='ltr'>agatur</span> <span class='ocrx_word' id='word_1_40' title='bbox 859 1112 904 1179; x_wconf 90' lang='lat' dir='ltr'>de</span> <span class='ocrx_word' id='word_1_41' title='bbox 920 1110 1116 1198; x_wconf 89' lang='lat' dir='ltr'>patriarcha</span> <span class='ocrx_word' id='word_1_42' title='bbox 1131 1110 1298 1177; x_wconf 91' lang='lat' dir='ltr'>mittendo</span> <span class='ocrx_word' id='word_1_43' title='bbox 1314 1134 1356 1179; x_wconf 88' lang='lat' dir='ltr'>ex</span> <span class='ocrx_word' id='word_1_44' title='bbox 1372 1130 1435 1177; x_wconf 91' lang='lat' dir='ltr'>no·</span> 
     </span>
     <span class='ocr_line' id='line_1_7' title="bbox 197 1221 1434 1310; baseline 0.005 -23"><span class='ocrx_word' id='word_1_45' title='bbox 197 1221 280 1288; x_wconf 88' lang='lat' dir='ltr'>stris</span> <span class='ocrx_word' id='word_1_46' title='bbox 291 1222 327 1288; x_wconf 90' lang='lat' dir='ltr'>in</span> <span class='ocrx_word' id='word_1_47' title='bbox 340 1222 558 1310; x_wconf 83' lang='lat' dir='ltr'>Aethiopiam</span> <span class='ocrx_word' id='word_1_48' title='bbox 572 1226 584 1259; x_wconf 77' lang='lat'>⁸</span> <span class='ocrx_word' id='word_1_49' title='bbox 598 1226 641 1291; x_wconf 89' lang='lat' dir='ltr'>ad</span> <span class='ocrx_word' id='word_1_50' title='bbox 654 1226 905 1307; x_wconf 88' lang='lat' dir='ltr'>Prestoianem,</span> <span class='ocrx_word' id='word_1_51' title='bbox 921 1226 1184 1295; x_wconf 87' lang='lat' dir='ltr'>christianorum</span> <span class='ocrx_word' id='word_1_52' title='bbox 1196 1226 1434 1308; x_wconf 84' lang='lat' dir='ltr'>abexinorum,</span> 
     </span>
     <span class='ocr_line' id='line_1_8' title="bbox 127 1334 1436 1437; baseline 0.003 -34"><span class='ocrx_word' id='word_1_53' title='bbox 127 1334 131 1339; x_wconf 79' lang='grc'><strong><em>’</em></strong></span> <span class='ocrx_word' id='word_1_54' title='bbox 197 1349 238 1403; x_wconf 91' lang='lat' dir='ltr'>vt</span> <span class='ocrx_word' id='word_1_55' title='bbox 252 1351 541 1437; x_wconf 88' lang='lat' dir='ltr'>vocant,·regem;</span> <span class='ocrx_word' id='word_1_56' title='bbox 560 1350 596 1408; x_wconf 90' lang='lat' dir='ltr'>et</span> <span class='ocrx_word' id='word_1_57' title='bbox 611 1344 703 1427; x_wconf 89' lang='lat' dir='ltr'>apud</span> <span class='ocrx_word' id='word_1_58' title='bbox 719 1342 839 1409; x_wconf 90' lang='lat' dir='ltr'>chinas</span> <span class='ocrx_word' id='word_1_59' title='bbox 854 1353 890 1411; x_wconf 90' lang='lat' dir='ltr'>et</span> <span class='ocrx_word' id='word_1_60' title='bbox 905 1342 1135 1429; x_wconf 84' lang='lat' dir='ltr'>giapanenses</span> <span class='ocrx_word' id='word_1_61' title='bbox 1151 1362 1315 1429; x_wconf 88' lang='lat' dir='ltr'>magnum</span> <span class='ocrx_word' id='word_1_62' title='bbox 1332 1342 1436 1411; x_wconf 87' lang='lat' dir='ltr'>etiam</span> 
     </span>
     <span class='ocr_line' id='line_1_9' title="bbox 198 1454 1437 1549; baseline 0.003 -30"><span class='ocrx_word' id='word_1_63' title='bbox 198 1454 386 1540; x_wconf 84' lang='lat' dir='ltr'>euangelio</span> <span class='ocrx_word' id='word_1_64' title='bbox 402 1455 528 1522; x_wconf 89' lang='lat' dir='ltr'>ostium</span> <span class='ocrx_word' id='word_1_65' title='bbox 545 1468 559 1497; x_wconf 84' lang='lat'>⁸</span> <span class='ocrx_word' id='word_1_66' title='bbox 575 1469 730 1543; x_wconf 88' lang='lat' dir='ltr'>apertum</span> <span class='ocrx_word' id='word_1_67' title='bbox 744 1468 798 1527; x_wconf 89' lang='lat' dir='ltr'>est</span> <span class='ocrx_word' id='word_1_68' title='bbox 808 1479 870 1545; x_wconf 90' lang='lat' dir='ltr'>per</span> <span class='ocrx_word' id='word_1_69' title='bbox 881 1456 948 1525; x_wconf 91' lang='lat' dir='ltr'>Dei</span> <span class='ocrx_word' id='word_1_70' title='bbox 961 1458 1120 1545; x_wconf 86' lang='lat' dir='ltr'>gratiam.</span> <span class='ocrx_word' id='word_1_71' title='bbox 1137 1458 1276 1525; x_wconf 89' lang='lat' dir='ltr'>Vtinam</span> <span class='ocrx_word' id='word_1_72' title='bbox 1290 1456 1437 1549; x_wconf 83' lang='lat' dir='ltr'>ope[ra]-</span> 
     </span>
     <span class='ocr_line' id='line_1_10' title="bbox 200 1567 1440 1659; baseline 0.006 -25"><span class='ocrx_word' id='word_1_73' title='bbox 200 1567 273 1636; x_wconf 89' lang='lat' dir='ltr'>rios</span> <span class='ocrx_word' id='word_1_74' title='bbox 288 1570 416 1637; x_wconf 91' lang='lat' dir='ltr'>multos</span> <span class='ocrx_word' id='word_1_75' title='bbox 431 1571 545 1638; x_wconf 89' lang='lat' dir='ltr'>mittat</span> <span class='ocrx_word' id='word_1_76' title='bbox 560 1572 629 1655; x_wconf 90' lang='lat' dir='ltr'>ille,</span> <span class='ocrx_word' id='word_1_77' title='bbox 647 1573 706 1658; x_wconf 95' lang='lat' dir='ltr'>qui</span> <span class='ocrx_word' id='word_1_78' title='bbox 722 1594 869 1641; x_wconf 84' lang='lat' dir='ltr'>messem</span> <span class='ocrx_word' id='word_1_79' title='bbox 886 1583 956 1641; x_wconf 90' lang='lat' dir='ltr'>tam</span> <span class='ocrx_word' id='word_1_80' title='bbox 979 1575 1117 1642; x_wconf 89' lang='lat' dir='ltr'>vberem</span> <span class='ocrx_word' id='word_1_81' title='bbox 1135 1572 1236 1641; x_wconf 90' lang='lat' dir='ltr'>nobis</span> <span class='ocrx_word' id='word_1_82' title='bbox 1256 1594 1440 1659; x_wconf 88' lang='lat' dir='ltr'>praepara·</span> 
     </span>
     <span class='ocr_line' id='line_1_11' title="bbox 202 1684 1440 1775; baseline 0.004 -25"><span class='ocrx_word' id='word_1_83' title='bbox 202 1684 267 1751; x_wconf 88' lang='lat' dir='ltr'>uit!</span> <span class='ocrx_word' id='word_1_84' title='bbox 289 1685 430 1753; x_wconf 88' lang='lat' dir='ltr'>Vtinam</span> <span class='ocrx_word' id='word_1_85' title='bbox 451 1700 486 1752; x_wconf 90' lang='lat' dir='ltr'>et</span> <span class='ocrx_word' id='word_1_86' title='bbox 507 1687 596 1769; x_wconf 90' lang='lat' dir='ltr'>illos,</span> <span class='ocrx_word' id='word_1_87' title='bbox 619 1688 829 1775; x_wconf 87' lang='lat' dir='ltr'>quicumque</span> <span class='ocrx_word' id='word_1_88' title='bbox 849 1688 944 1756; x_wconf 88' lang='lat' dir='ltr'>missi</span> <span class='ocrx_word' id='word_1_89' title='bbox 966 1688 1105 1770; x_wconf 82' lang='lat' dir='ltr'>luerint,</span> <span class='ocrx_word' id='word_1_90' title='bbox 1128 1689 1277 1775; x_wconf 84' lang='lat' dir='ltr'>Spiritus</span> <span class='ocrx_word' id='word_1_91' title='bbox 1298 1700 1440 1756; x_wconf 89' lang='lat' dir='ltr'>sanctus</span> 
     </span>
     <span class='ocr_line' id='line_1_12' title="bbox 201 1801 1440 1889; baseline 0.002 -22"><span class='ocrx_word' id='word_1_92' title='bbox 201 1801 304 1868; x_wconf 92' lang='lat' dir='ltr'>donis</span> <span class='ocrx_word' id='word_1_93' title='bbox 316 1801 388 1869; x_wconf 93' lang='lat' dir='ltr'>suis</span> <span class='ocrx_word' id='word_1_94' title='bbox 400 1802 639 1889; x_wconf 59' lang='lat' dir='ltr'>locupletatos</span> <span class='ocrx_word' id='word_1_95' title='bbox 653 1814 689 1873; x_wconf 89' lang='lat' dir='ltr'>et</span> <span class='ocrx_word' id='word_1_96' title='bbox 701 1804 819 1873; x_wconf 90' lang='lat' dir='ltr'>diuina</span> <span class='ocrx_word' id='word_1_97' title='bbox 830 1804 958 1873; x_wconf 90' lang='lat' dir='ltr'>virtute</span> <span class='ocrx_word' id='word_1_98' title='bbox 970 1805 1133 1885; x_wconf 90' lang='lat' dir='ltr'>imbutos,</span> <span class='ocrx_word' id='word_1_99' title='bbox 1147 1805 1190 1871; x_wconf 90' lang='lat' dir='ltr'>ad</span> <span class='ocrx_word' id='word_1_100' title='bbox 1205 1814 1338 1871; x_wconf 90' lang='lat' dir='ltr'>tantum</span> <span class='ocrx_word' id='word_1_101' title='bbox 1351 1825 1440 1889; x_wconf 93' lang='lat' dir='ltr'>opus</span> 
     </span>
     <span class='ocr_line' id='line_1_13' title="bbox 204 1918 1381 1989; baseline 0.003 -7"><span class='ocrx_word' id='word_1_102' title='bbox 204 1918 480 1986; x_wconf 89' lang='lat' dir='ltr'>reducendarum</span> <span class='ocrx_word' id='word_1_103' title='bbox 498 1918 689 1987; x_wconf 88' lang='lat' dir='ltr'>animarum</span> <span class='ocrx_word' id='word_1_104' title='bbox 705 1923 748 1988; x_wconf 91' lang='lat' dir='ltr'>ad</span> <span class='ocrx_word' id='word_1_105' title='bbox 763 1942 865 1987; x_wconf 91' lang='lat' dir='ltr'>suurn</span> <span class='ocrx_word' id='word_1_106' title='bbox 881 1930 1069 1989; x_wconf 82' lang='lat' dir='ltr'>creatorem</span> <span class='ocrx_word' id='word_1_107' title='bbox 1086 1920 1227 1987; x_wconf 88' lang='lat' dir='ltr'>idoneos</span> <span class='ocrx_word' id='word_1_108' title='bbox 1244 1920 1381 1987; x_wconf 89' lang='lat' dir='ltr'>efficiat.</span> 
     </span>
     <span class='ocr_line' id='line_1_14' title="bbox 270 2033 1440 2122; baseline 0.002 -23"><span class='ocrx_word' id='word_1_109' title='bbox 270 2034 323 2099; x_wconf 91' lang='lat' dir='ltr'>De</span> <span class='ocrx_word' id='word_1_110' title='bbox 339 2035 428 2101; x_wconf 88' lang='lat' dir='ltr'>duce</span> <span class='ocrx_word' id='word_1_111' title='bbox 444 2034 525 2101; x_wconf 89' lang='lat' dir='ltr'>olim</span> <span class='ocrx_word' id='word_1_112' title='bbox 541 2035 699 2105; x_wconf 88' lang='lat' dir='ltr'>Gandiae</span> <span class='ocrx_word' id='word_1_113' title='bbox 714 2038 740 2117; x_wconf 86' lang='lat'>⁶,</span> <span class='ocrx_word' id='word_1_114' title='bbox 760 2038 852 2122; x_wconf 91' lang='lat' dir='ltr'>quod</span> <span class='ocrx_word' id='word_1_115' title='bbox 867 2038 912 2103; x_wconf 91' lang='lat' dir='ltr'>V.</span> <span class='ocrx_word' id='word_1_116' title='bbox 928 2038 970 2103; x_wconf 91' lang='lat' dir='ltr'>R.</span> <span class='ocrx_word' id='word_1_117' title='bbox 985 2035 1088 2105; x_wconf 91' lang='lat' dir='ltr'>vellet</span> <span class='ocrx_word' id='word_1_118' title='bbox 1099 2035 1305 2121; x_wconf 86' lang='lat' dir='ltr'>intelligere,</span> <span class='ocrx_word' id='word_1_119' title='bbox 1320 2033 1440 2121; x_wconf 88' lang='lat' dir='ltr'>paucis</span> 
     </span>
     <span class='ocr_line' id='line_1_15' title="bbox 205 2148 1440 2237; baseline 0.002 -22"><span class='ocrx_word' id='word_1_120' title='bbox 205 2148 330 2216; x_wconf 89' lang='lat' dir='ltr'>dicam.</span> <span class='ocrx_word' id='word_1_121' title='bbox 351 2150 538 2237; x_wconf 88' lang='lat' dir='ltr'>Postquam</span> <span class='ocrx_word' id='word_1_122' title='bbox 555 2152 716 2219; x_wconf 86' lang='lat' dir='ltr'>sacerdos</span> <span class='ocrx_word' id='word_1_123' title='bbox 731 2153 878 2219; x_wconf 79' lang='lat' dir='ltr'>effectus</span> <span class='ocrx_word' id='word_1_124' title='bbox 893 2162 959 2233; x_wconf 84' lang='lat' dir='ltr'>est,</span> <span class='ocrx_word' id='word_1_125' title='bbox 978 2164 1013 2217; x_wconf 88' lang='lat' dir='ltr'>et</span> <span class='ocrx_word' id='word_1_126' title='bbox 1030 2152 1132 2218; x_wconf 88' lang='lat' dir='ltr'>rebus</span> <span class='ocrx_word' id='word_1_127' title='bbox 1148 2150 1308 2218; x_wconf 92' lang='lat' dir='ltr'>omnibus</span> <span class='ocrx_word' id='word_1_128' title='bbox 1323 2172 1361 2217; x_wconf 88' lang='lat' dir='ltr'>se</span> <span class='ocrx_word' id='word_1_129' title='bbox 1381 2152 1440 2217; x_wconf 89' lang='lat' dir='ltr'>ab·</span> 
     </span>
     <span class='ocr_line' id='line_1_16' title="bbox 205 2265 1440 2350; baseline 0.002 -19"><span class='ocrx_word' id='word_1_130' title='bbox 205 2265 347 2346; x_wconf 86' lang='lat' dir='ltr'>dicauit,</span> <span class='ocrx_word' id='word_1_131' title='bbox 373 2266 622 2349; x_wconf 88' lang='lat' dir='ltr'>concionando,</span> <span class='ocrx_word' id='word_1_132' title='bbox 648 2280 683 2334; x_wconf 90' lang='lat' dir='ltr'>et</span> <span class='ocrx_word' id='word_1_133' title='bbox 710 2267 947 2335; x_wconf 85' lang='lat' dir='ltr'>confessiones</span> <span class='ocrx_word' id='word_1_134' title='bbox 974 2266 1159 2350; x_wconf 89' lang='lat' dir='ltr'>audiendo,</span> <span class='ocrx_word' id='word_1_135' title='bbox 1182 2277 1217 2333; x_wconf 89' lang='lat' dir='ltr'>et</span> <span class='ocrx_word' id='word_1_136' title='bbox 1241 2266 1355 2333; x_wconf 85' lang='lat' dir='ltr'>omnia</span> <span class='ocrx_word' id='word_1_137' title='bbox 1375 2266 1440 2334; x_wconf 89' lang='lat' dir='ltr'>de·</span> 
     </span>
     <span class='ocr_line' id='line_1_17' title="bbox 206 2380 1437 2470; baseline -0.001 -23"><span class='ocrx_word' id='word_1_138' title='bbox 206 2402 302 2447; x_wconf 89' lang='lat' dir='ltr'>mum</span> <span class='ocrx_word' id='word_1_139' title='bbox 329 2380 466 2467; x_wconf 89' lang='lat' dir='ltr'>pietatis</span> <span class='ocrx_word' id='word_1_140' title='bbox 491 2404 606 2469; x_wconf 84' lang='lat' dir='ltr'>opera,</span> <span class='ocrx_word' id='word_1_141' title='bbox 629 2404 719 2470; x_wconf 89' lang='lat' dir='ltr'>quae</span> <span class='ocrx_word' id='word_1_142' title='bbox 738 2382 894 2452; x_wconf 88' lang='lat' dir='ltr'>Societas</span> <span class='ocrx_word' id='word_1_143' title='bbox 916 2394 1088 2469; x_wconf 88' lang='lat' dir='ltr'>praestare</span> <span class='ocrx_word' id='word_1_144' title='bbox 1110 2384 1210 2462; x_wconf 86' lang='lat' dir='ltr'>solet,</span> <span class='ocrx_word' id='word_1_145' title='bbox 1233 2382 1437 2460; x_wconf 89' lang='lat' dir='ltr'>exercendo,</span> 
     </span>
     <span class='ocr_line' id='line_1_18' title="bbox 207 2496 1439 2585; baseline 0.001 -23"><span class='ocrx_word' id='word_1_146' title='bbox 207 2517 317 2583; x_wconf 81' lang='lat' dir='ltr'>regna</span> <span class='ocrx_word' id='word_1_147' title='bbox 333 2496 522 2582; x_wconf 89' lang='lat' dir='ltr'>Hispaniae</span> <span class='ocrx_word' id='word_1_148' title='bbox 535 2510 571 2567; x_wconf 87' lang='lat' dir='ltr'>et</span> <span class='ocrx_word' id='word_1_149' title='bbox 584 2499 795 2585; x_wconf 83' lang='lat' dir='ltr'>Portugallie</span> <span class='ocrx_word' id='word_1_150' title='bbox 804 2500 1001 2584; x_wconf 79' lang='lat' dir='ltr'>perlustrat,</span> <span class='ocrx_word' id='word_1_151' title='bbox 1014 2512 1050 2565; x_wconf 91' lang='lat' dir='ltr'>et</span> <span class='ocrx_word' id='word_1_152' title='bbox 1060 2497 1203 2566; x_wconf 91' lang='lat' dir='ltr'>vbilibet</span> <span class='ocrx_word' id='word_1_153' title='bbox 1216 2516 1343 2585; x_wconf 85' lang='lat' dir='ltr'>magno</span> <span class='ocrx_word' id='word_1_154' title='bbox 1360 2517 1439 2563; x_wconf 89' lang='lat' dir='ltr'>cum</span> 
     </span>
     <span class='ocr_line' id='line_1_19' title="bbox 209 2612 1388 2683; baseline 0.001 -6"><span class='ocrx_word' id='word_1_155' title='bbox 209 2612 325 2679; x_wconf 79' lang='lat' dir='ltr'>fructu</span> <span class='ocrx_word' id='word_1_156' title='bbox 339 2628 375 2680; x_wconf 91' lang='lat' dir='ltr'>et</span> <span class='ocrx_word' id='word_1_157' title='bbox 390 2613 610 2683; x_wconf 87' lang='lat' dir='ltr'>edificatione</span> <span class='ocrx_word' id='word_1_158' title='bbox 625 2615 814 2683; x_wconf 87' lang='lat' dir='ltr'>animarum</span> <span class='ocrx_word' id='word_1_159' title='bbox 831 2626 1000 2683; x_wconf 88' lang='lat' dir='ltr'>versatur.</span> <span class='ocrx_word' id='word_1_160' title='bbox 1022 2616 1065 2681; x_wconf 91' lang='lat' dir='ltr'>Et</span> <span class='ocrx_word' id='word_1_161' title='bbox 1081 2614 1124 2681; x_wconf 90' lang='lat' dir='ltr'>de</span> <span class='ocrx_word' id='word_1_162' title='bbox 1140 2612 1194 2681; x_wconf 92' lang='lat' dir='ltr'>his</span> <span class='ocrx_word' id='word_1_163' title='bbox 1209 2616 1388 2682; x_wconf 86' lang='lat' dir='ltr'>hactenus.</span> 
     </span>
     <span class='ocr_line' id='line_1_20' title="bbox 275 2727 1438 2816; baseline -0.003 -19"><span class='ocrx_word' id='word_1_164' title='bbox 275 2727 403 2797; x_wconf 87' lang='lat' dir='ltr'>Scribit</span> <span class='ocrx_word' id='word_1_165' title='bbox 418 2730 557 2798; x_wconf 91' lang='lat' dir='ltr'>demum</span> <span class='ocrx_word' id='word_1_166' title='bbox 574 2732 618 2797; x_wconf 95' lang='lat' dir='ltr'>V.</span> <span class='ocrx_word' id='word_1_167' title='bbox 638 2732 680 2797; x_wconf 89' lang='lat' dir='ltr'>R.</span> <span class='ocrx_word' id='word_1_168' title='bbox 698 2752 774 2798; x_wconf 90' lang='lat' dir='ltr'>esse</span> <span class='ocrx_word' id='word_1_169' title='bbox 791 2730 935 2815; x_wconf 79' lang='lat' dir='ltr'>aliquoS,</span> <span class='ocrx_word' id='word_1_170' title='bbox 954 2730 1025 2797; x_wconf 91' lang='lat' dir='ltr'>imo</span> <span class='ocrx_word' id='word_1_171' title='bbox 1045 2752 1114 2797; x_wconf 91' lang='lat' dir='ltr'>non</span> <span class='ocrx_word' id='word_1_172' title='bbox 1130 2750 1272 2816; x_wconf 74' lang='lat' dir='ltr'>paucoS,</span> <span class='ocrx_word' id='word_1_173' title='bbox 1291 2728 1350 2813; x_wconf 93' lang='lat' dir='ltr'>qui</span> <span class='ocrx_word' id='word_1_174' title='bbox 1366 2728 1438 2795; x_wconf 87' lang='lat' dir='ltr'>exi-</span> 
     </span>
     <span class='ocr_line' id='line_1_21' title="bbox 206 2843 1439 2933; baseline 0 -23"><span class='ocrx_word' id='word_1_175' title='bbox 206 2843 347 2912; x_wconf 88' lang='lat' dir='ltr'>stiment</span> <span class='ocrx_word' id='word_1_176' title='bbox 363 2846 452 2913; x_wconf 86' lang='lat' dir='ltr'>rnale</span> <span class='ocrx_word' id='word_1_177' title='bbox 467 2867 530 2913; x_wconf 87' lang='lat' dir='ltr'>eos</span> <span class='ocrx_word' id='word_1_178' title='bbox 546 2847 663 2933; x_wconf 84' lang='lat' dir='ltr'>agere,</span> <span class='ocrx_word' id='word_1_179' title='bbox 682 2848 741 2932; x_wconf 94' lang='lat' dir='ltr'>qui</span> <span class='ocrx_word' id='word_1_180' title='bbox 762 2847 891 2928; x_wconf 91' lang='lat' dir='ltr'>insciis,</span> <span class='ocrx_word' id='word_1_181' title='bbox 910 2846 966 2916; x_wconf 93' lang='lat' dir='ltr'>vel</span> <span class='ocrx_word' id='word_1_182' title='bbox 984 2848 1071 2915; x_wconf 85' lang='lat' dir='ltr'>forte</span> <span class='ocrx_word' id='word_1_183' title='bbox 1092 2845 1211 2913; x_wconf 90' lang='lat' dir='ltr'>inuitis</span> <span class='ocrx_word' id='word_1_184' title='bbox 1228 2844 1439 2933; x_wconf 65' lang='lat' dir='ltr'>parentibus</span> 
     </span>
     <span class='ocr_line' id='line_1_22' title="bbox 207 2960 1441 3045; baseline -0.002 -17"><span class='ocrx_word' id='word_1_185' title='bbox 207 2960 249 3028; x_wconf 94' lang='lat' dir='ltr'>ad</span> <span class='ocrx_word' id='word_1_186' title='bbox 262 2972 415 3027; x_wconf 87' lang='lat' dir='ltr'>nostram</span> <span class='ocrx_word' id='word_1_187' title='bbox 432 2984 470 3029; x_wconf 90' lang='lat' dir='ltr'>se</span> <span class='ocrx_word' id='word_1_188' title='bbox 487 2964 669 3029; x_wconf 88' lang='lat' dir='ltr'>conferunt</span> <span class='ocrx_word' id='word_1_189' title='bbox 682 2962 906 3032; x_wconf 88' lang='lat' dir='ltr'>Societatem:</span> <span class='ocrx_word' id='word_1_190' title='bbox 925 2960 992 3028; x_wconf 90' lang='lat' dir='ltr'>imo</span> <span class='ocrx_word' id='word_1_191' title='bbox 1008 2984 1077 3028; x_wconf 90' lang='lat' dir='ltr'>non</span> <span class='ocrx_word' id='word_1_192' title='bbox 1095 2963 1228 3044; x_wconf 86' lang='lat' dir='ltr'>deesse,</span> <span class='ocrx_word' id='word_1_193' title='bbox 1244 2960 1303 3045; x_wconf 91' lang='lat' dir='ltr'>qui</span> <span class='ocrx_word' id='word_1_194' title='bbox 1320 2960 1355 3025; x_wconf 90' lang='lat' dir='ltr'>in</span> <span class='ocrx_word' id='word_1_195' title='bbox 1372 2971 1441 3027; x_wconf 88' lang='lat' dir='ltr'>sta·</span> 
     </span>
     <span class='ocr_line' id='line_1_23' title="bbox 208 3074 1441 3163; baseline -0.001 -22"><span class='ocrx_word' id='word_1_196' title='bbox 208 3089 246 3141; x_wconf 94' lang='lat' dir='ltr'>tu</span> <span class='ocrx_word' id='word_1_197' title='bbox 263 3077 398 3163; x_wconf 90' lang='lat' dir='ltr'>peccati</span> <span class='ocrx_word' id='word_1_198' title='bbox 419 3076 615 3144; x_wconf 85' lang='lat' dir='ltr'>existiment</span> <span class='ocrx_word' id='word_1_199' title='bbox 636 3099 712 3144; x_wconf 90' lang='lat' dir='ltr'>esse</span> <span class='ocrx_word' id='word_1_200' title='bbox 732 3077 930 3144; x_wconf 88' lang='lat' dir='ltr'>huiusmodi</span> <span class='ocrx_word' id='word_1_201' title='bbox 951 3077 1052 3157; x_wconf 91' lang='lat' dir='ltr'>filios,</span> <span class='ocrx_word' id='word_1_202' title='bbox 1074 3088 1111 3142; x_wconf 94' lang='lat' dir='ltr'>vt</span> <span class='ocrx_word' id='word_1_203' title='bbox 1134 3074 1248 3161; x_wconf 91' lang='lat' dir='ltr'>quarti</span> <span class='ocrx_word' id='word_1_204' title='bbox 1268 3074 1441 3161; x_wconf 88' lang='lat' dir='ltr'>praecepti</span> 
     </span>
     <span class='ocr_line' id='line_1_24' title="bbox 209 3189 1442 3279; baseline -0.002 -22"><span class='ocrx_word' id='word_1_205' title='bbox 209 3192 392 3259; x_wconf 84' lang='lat' dir='ltr'>violatores</span> <span class='ocrx_word' id='word_1_206' title='bbox 407 3203 443 3258; x_wconf 88' lang='lat' dir='ltr'>et</span> <span class='ocrx_word' id='word_1_207' title='bbox 458 3192 542 3259; x_wconf 89' lang='lat' dir='ltr'>iuris</span> <span class='ocrx_word' id='word_1_208' title='bbox 557 3193 724 3260; x_wconf 87' lang='lat' dir='ltr'>naturalis</span> <span class='ocrx_word' id='word_1_209' title='bbox 740 3204 808 3259; x_wconf 88' lang='lat' dir='ltr'>etc.</span> <span class='ocrx_word' id='word_1_210' title='bbox 824 3194 943 3277; x_wconf 90' lang='lat' dir='ltr'>ltaque</span> <span class='ocrx_word' id='word_1_211' title='bbox 962 3192 1062 3279; x_wconf 89' lang='lat' dir='ltr'>petis,</span> <span class='ocrx_word' id='word_1_212' title='bbox 1081 3204 1118 3257; x_wconf 88' lang='lat' dir='ltr'>vt</span> <span class='ocrx_word' id='word_1_213' title='bbox 1140 3190 1249 3257; x_wconf 79' lang='lat' dir='ltr'>fusius</span> <span class='ocrx_word' id='word_1_214' title='bbox 1266 3189 1442 3257; x_wconf 87' lang='lat' dir='ltr'>haedere</span> 
     </span>
     <span class='ocr_line' id='line_1_25' title="bbox 207 3305 1441 3391; baseline -0.004 -16"><span class='ocrx_word' id='word_1_215' title='bbox 207 3310 390 3391; x_wconf 90' lang='lat' dir='ltr'>scribatur,</span> <span class='ocrx_word' id='word_1_216' title='bbox 407 3319 443 3375; x_wconf 85' lang='lat' dir='ltr'>et</span> <span class='ocrx_word' id='word_1_217' title='bbox 459 3308 560 3377; x_wconf 78' lang='lat' dir='ltr'>serio,</span> <span class='ocrx_word' id='word_1_218' title='bbox 580 3309 726 3389; x_wconf 88' lang='lat' dir='ltr'>Revera,</span> <span class='ocrx_word' id='word_1_219' title='bbox 745 3312 906 3377; x_wconf 87' lang='lat' dir='ltr'>Paterae</span> <span class='ocrx_word' id='word_1_220' title='bbox 928 3311 1032 3375; x_wconf 85' lang='lat' dir='ltr'>frater</span> <span class='ocrx_word' id='word_1_221' title='bbox 1053 3305 1266 3387; x_wconf 89' lang='lat' dir='ltr'>charissime,</span> <span class='ocrx_word' id='word_1_222' title='bbox 1284 3328 1355 3372; x_wconf 95' lang='lat' dir='ltr'>non</span> <span class='ocrx_word' id='word_1_223' title='bbox 1373 3314 1441 3373; x_wconf 90' lang='lat' dir='ltr'>tam</span> 
     </span>
     <span class='ocr_line' id='line_1_26' title="bbox 209 3420 1442 3511; baseline -0.002 -22"><span class='ocrx_word' id='word_1_224' title='bbox 209 3445 277 3510; x_wconf 87' lang='lat' dir='ltr'>ego</span> <span class='ocrx_word' id='word_1_225' title='bbox 292 3424 514 3511; x_wconf 89' lang='lat' dir='ltr'>impotentem</span> <span class='ocrx_word' id='word_1_226' title='bbox 530 3435 710 3509; x_wconf 82' lang='lat' dir='ltr'>parentum</span> <span class='ocrx_word' id='word_1_227' title='bbox 727 3426 901 3504; x_wconf 82' lang='lat' dir='ltr'>affectum,</span> <span class='ocrx_word' id='word_1_228' title='bbox 916 3446 1021 3509; x_wconf 89' lang='lat' dir='ltr'>quarn</span> <span class='ocrx_word' id='word_1_229' title='bbox 1034 3424 1251 3507; x_wconf 81' lang='lat' dir='ltr'>doctulorurp</span> <span class='ocrx_word' id='word_1_230' title='bbox 1265 3420 1442 3487; x_wconf 87' lang='lat' dir='ltr'>huiusmo-</span> 
     </span>
     <span class='ocr_line' id='line_1_27' title="bbox 210 3535 1443 3625; baseline -0.003 -21"><span class='ocrx_word' id='word_1_231' title='bbox 210 3539 246 3605; x_wconf 93' lang='lat' dir='ltr'>di</span> <span class='ocrx_word' id='word_1_232' title='bbox 260 3538 463 3609; x_wconf 84' lang='lat' dir='ltr'>caecitatem</span> <span class='ocrx_word' id='word_1_233' title='bbox 480 3540 725 3625; x_wconf 89' lang='lat' dir='ltr'>deplorandam</span> <span class='ocrx_word' id='word_1_234' title='bbox 741 3540 911 3608; x_wconf 77' lang='lat' dir='ltr'>existimo.</span> <span class='ocrx_word' id='word_1_235' title='bbox 930 3542 974 3605; x_wconf 90' lang='lat' dir='ltr'>Et</span> <span class='ocrx_word' id='word_1_236' title='bbox 987 3539 1090 3604; x_wconf 91' lang='lat' dir='ltr'>miror</span> <span class='ocrx_word' id='word_1_237' title='bbox 1102 3540 1337 3617; x_wconf 89' lang='lat' dir='ltr'>vehementer,</span> <span class='ocrx_word' id='word_1_238' title='bbox 1352 3535 1443 3621; x_wconf 92' lang='lat' dir='ltr'>quod</span> 
     </span>
     <span class='ocr_line' id='line_1_28' title="bbox 211 3650 1443 3742; baseline -0.006 -19"><span class='ocrx_word' id='word_1_239' title='bbox 211 3657 257 3723; x_wconf 91' lang='lat' dir='ltr'>V.</span> <span class='ocrx_word' id='word_1_240' title='bbox 276 3656 315 3723; x_wconf 89' lang='lat' dir='ltr'>R.</span> <span class='ocrx_word' id='word_1_241' title='bbox 335 3667 403 3721; x_wconf 91' lang='lat' dir='ltr'>tam</span> <span class='ocrx_word' id='word_1_242' title='bbox 420 3655 524 3742; x_wconf 88' lang='lat' dir='ltr'>longe</span> <span class='ocrx_word' id='word_1_243' title='bbox 541 3677 634 3721; x_wconf 88' lang='lat' dir='ltr'>arma</span> <span class='ocrx_word' id='word_1_244' title='bbox 647 3677 845 3741; x_wconf 88' lang='lat' dir='ltr'>comparare</span> <span class='ocrx_word' id='word_1_245' title='bbox 858 3653 939 3721; x_wconf 89' lang='lat' dir='ltr'>velit</span> <span class='ocrx_word' id='word_1_246' title='bbox 956 3656 999 3721; x_wconf 90' lang='lat' dir='ltr'>ad</span> <span class='ocrx_word' id='word_1_247' title='bbox 1013 3656 1150 3739; x_wconf 84' lang='lat' dir='ltr'>dogma,</span> <span class='ocrx_word' id='word_1_248' title='bbox 1166 3664 1235 3719; x_wconf 89' lang='lat' dir='ltr'>tam</span> <span class='ocrx_word' id='word_1_249' title='bbox 1247 3650 1352 3718; x_wconf 90' lang='lat' dir='ltr'>debili</span> <span class='ocrx_word' id='word_1_250' title='bbox 1365 3651 1443 3716; x_wconf 86' lang='lat' dir='ltr'>fun-</span> 
     </span>
     <span class='ocr_line' id='line_1_29' title="bbox 210 3767 1443 3857; baseline -0.004 -21"><span class='ocrx_word' id='word_1_251' title='bbox 210 3771 372 3838; x_wconf 90' lang='lat' dir='ltr'>damento</span> <span class='ocrx_word' id='word_1_252' title='bbox 385 3770 515 3851; x_wconf 86' lang='lat' dir='ltr'>nixum,</span> <span class='ocrx_word' id='word_1_253' title='bbox 534 3771 817 3857; x_wconf 88' lang='lat' dir='ltr'>oppugnandum.</span> <span class='ocrx_word' id='word_1_254' title='bbox 840 3771 925 3855; x_wconf 89' lang='lat' dir='ltr'>Cur,</span> <span class='ocrx_word' id='word_1_255' title='bbox 945 3791 1085 3855; x_wconf 88' lang='lat' dir='ltr'>quaeso,</span> <span class='ocrx_word' id='word_1_256' title='bbox 1105 3770 1147 3835; x_wconf 88' lang='lat' dir='ltr'>ad</span> <span class='ocrx_word' id='word_1_257' title='bbox 1164 3767 1297 3853; x_wconf 86' lang='lat' dir='ltr'>aliquos</span> <span class='ocrx_word' id='word_1_258' title='bbox 1313 3786 1355 3832; x_wconf 85' lang='lat' dir='ltr'>ex</span> <span class='ocrx_word' id='word_1_259' title='bbox 1374 3778 1443 3832; x_wconf 91' lang='lat' dir='ltr'>tam</span> 
     </span>
     <span class='ocr_line' id='line_1_30' title="bbox 211 3882 1443 3971; baseline -0.006 -18"><span class='ocrx_word' id='word_1_260' title='bbox 211 3886 339 3954; x_wconf 88' lang='lat' dir='ltr'>celebri</span> <span class='ocrx_word' id='word_1_261' title='bbox 354 3886 590 3967; x_wconf 85' lang='lat' dir='ltr'>vniuersitate,</span> <span class='ocrx_word' id='word_1_262' title='bbox 609 3897 749 3971; x_wconf 87' lang='lat' dir='ltr'>tamque</span> <span class='ocrx_word' id='word_1_263' title='bbox 764 3886 826 3952; x_wconf 91' lang='lat' dir='ltr'>tibi</span> <span class='ocrx_word' id='word_1_264' title='bbox 842 3886 986 3966; x_wconf 88' lang='lat' dir='ltr'>vicinos,</span> <span class='ocrx_word' id='word_1_265' title='bbox 1005 3906 1076 3952; x_wconf 92' lang='lat' dir='ltr'>non</span> <span class='ocrx_word' id='word_1_266' title='bbox 1093 3895 1128 3950; x_wconf 91' lang='lat' dir='ltr'>te</span> <span class='ocrx_word' id='word_1_267' title='bbox 1148 3882 1162 3923; x_wconf 70' lang='lat' dir='ltr'>b</span> <span class='ocrx_word' id='word_1_268' title='bbox 1182 3885 1353 3963; x_wconf 71' lang='lat' dir='ltr'>vertebas,</span> <span class='ocrx_word' id='word_1_269' title='bbox 1378 3884 1443 3947; x_wconf 90' lang='lat' dir='ltr'>Pa-</span> 
     </span>
     <span class='ocr_line' id='line_1_31' title="bbox 212 3998 1446 4083; baseline -0.004 -16"><span class='ocrx_word' id='word_1_270' title='bbox 212 4004 279 4070; x_wconf 82' lang='lat' dir='ltr'>ter?</span> <span class='ocrx_word' id='word_1_271' title='bbox 295 4004 353 4069; x_wconf 77' lang='lat' dir='ltr'>An</span> <span class='ocrx_word' id='word_1_272' title='bbox 369 4002 399 4069; x_wconf 92' lang='lat' dir='ltr'>si</span> <span class='ocrx_word' id='word_1_273' title='bbox 415 4000 471 4069; x_wconf 93' lang='lat' dir='ltr'>alii</span> <span class='ocrx_word' id='word_1_274' title='bbox 487 4001 602 4069; x_wconf 91' lang='lat' dir='ltr'>officio</span> <span class='ocrx_word' id='word_1_275' title='bbox 618 4023 683 4068; x_wconf 91' lang='lat' dir='ltr'>suo</span> <span class='ocrx_word' id='word_1_276' title='bbox 694 4001 898 4083; x_wconf 83' lang='lat' dir='ltr'>defuissent,</span> <span class='ocrx_word' id='word_1_277' title='bbox 917 4002 1019 4069; x_wconf 88' lang='lat' dir='ltr'>etiam</span> <span class='ocrx_word' id='word_1_278' title='bbox 1041 4001 1150 4071; x_wconf 89' lang='lat' dir='ltr'>Rdus.</span> <span class='ocrx_word' id='word_1_279' title='bbox 1168 3998 1326 4065; x_wconf 88' lang='lat' dir='ltr'>dominus</span> <span class='ocrx_word' id='word_1_280' title='bbox 1343 3999 1446 4063; x_wconf 85' lang='lat' dir='ltr'>deca·</span> 
     </span>
    </p>
   </div>
   <div class='ocr_carea' id='block_1_3' title="bbox 267 4242 948 4309">
    <p class='ocr_par' dir='ltr' id='par_1_3' title="bbox 267 4242 948 4309">
     <span class='ocr_line' id='line_1_32' title="bbox 267 4242 948 4309; baseline 0 -11"><span class='ocrx_word' id='word_1_281' title='bbox 267 4259 281 4286; x_wconf 74' lang='lat'>²</span> <span class='ocrx_word' id='word_1_282' title='bbox 307 4243 447 4309; x_wconf 64' lang='lat' dir='ltr'>,hostium</span> <span class='ocrx_word' id='word_1_283' title='bbox 460 4261 518 4302; x_wconf 89' lang='lat' dir='ltr'>ms.</span> <span class='ocrx_word' id='word_1_284' title='bbox 555 4246 607 4286; x_wconf 82' lang='lat' dir='ltr'>-b</span> <span class='ocrx_word' id='word_1_285' title='bbox 644 4242 758 4297; x_wconf 88' lang='lat' dir='ltr'>vicinos</span> <span class='ocrx_word' id='word_1_286' title='bbox 776 4260 831 4297; x_wconf 90' lang='lat' dir='ltr'>nos</span> <span class='ocrx_word' id='word_1_287' title='bbox 844 4258 877 4297; x_wconf 87' lang='lat' dir='ltr'>se</span> <span class='ocrx_word' id='word_1_288' title='bbox 891 4260 948 4299; x_wconf 82' lang='lat' dir='ltr'>ms,</span> 
     </span>
    </p>
   </div>
   <div class='ocr_carea' id='block_1_4' title="bbox 212 4465 1449 4803">
    <p class='ocr_par' dir='ltr' id='par_1_4' title="bbox 266 4465 1034 4540">
     <span class='ocr_line' id='line_1_33' title="bbox 266 4465 1034 4540; baseline 0 -19"><span class='ocrx_word' id='word_1_289' title='bbox 266 4470 279 4502; x_wconf 79' lang='lat'><strong>⁴</strong></span> <span class='ocrx_word' id='word_1_290' title='bbox 315 4468 399 4523; x_wconf 77' lang='lat' dir='ltr'>Haec</span> <span class='ocrx_word' id='word_1_291' title='bbox 411 4466 566 4540; x_wconf 85' lang='lat' dir='ltr'>usurpavit</span> <span class='ocrx_word' id='word_1_292' title='bbox 579 4468 762 4538; x_wconf 75' lang='lat' dir='ltr'>POLANCUS,</span> <span class='ocrx_word' id='word_1_293' title='bbox 780 4465 906 4537; x_wconf 68' lang='lat' dir='ltr'>Clarum,</span> <span class='ocrx_word' id='word_1_294' title='bbox 919 4466 973 4537; x_wconf 91' lang='lat'>111,</span> <span class='ocrx_word' id='word_1_295' title='bbox 991 4479 1034 4535; x_wconf 82' lang='lat'>15.</span> 
     </span>
    </p>

    <p class='ocr_par' dir='ltr' id='par_1_5' title="bbox 212 4553 1449 4719">
     <span class='ocr_line' id='line_1_34' title="bbox 265 4553 1449 4628; baseline -0.003 -17"><span class='ocrx_word' id='word_1_296' title='bbox 265 4560 277 4593; x_wconf 77' lang='lat'>⁵</span> <span class='ocrx_word' id='word_1_297' title='bbox 313 4558 498 4628; x_wconf 74' lang='lat' dir='ltr'>PouaNCUS,</span> <span class='ocrx_word' id='word_1_298' title='bbox 513 4556 638 4621; x_wconf 70' lang='lat' dir='ltr'>Chron„</span> <span class='ocrx_word' id='word_1_299' title='bbox 653 4557 708 4627; x_wconf 86' lang='lat'>111,</span> <span class='ocrx_word' id='word_1_300' title='bbox 725 4564 801 4624; x_wconf 85' lang='lat' dir='ltr'>15et</span> <span class='ocrx_word' id='word_1_301' title='bbox 817 4557 859 4624; x_wconf 87' lang='lat'>16;</span> <span class='ocrx_word' id='word_1_302' title='bbox 874 4564 1035 4611; x_wconf 82' lang='lat' dir='ltr'>testamen</span> <span class='ocrx_word' id='word_1_303' title='bbox 1053 4554 1089 4609; x_wconf 90' lang='lat' dir='ltr'>ad</span> <span class='ocrx_word' id='word_1_304' title='bbox 1109 4554 1222 4611; x_wconf 75' lang='lat' dir='ltr'>exitum</span> <span class='ocrx_word' id='word_1_305' title='bbox 1242 4553 1369 4607; x_wconf 81' lang='lat' dir='ltr'>deducta</span> <span class='ocrx_word' id='word_1_306' title='bbox 1389 4569 1449 4607; x_wconf 91' lang='lat' dir='ltr'>non</span> 
     </span>
     <span class='ocr_line' id='line_1_35' title="bbox 212 4644 1183 4719; baseline -0.004 -18"><span class='ocrx_word' id='word_1_307' title='bbox 212 4645 271 4703; x_wconf 83' lang='lat' dir='ltr'>fuit</span> <span class='ocrx_word' id='word_1_308' title='bbox 283 4646 423 4719; x_wconf 85' lang='lat' dir='ltr'>usquead</span> <span class='ocrx_word' id='word_1_309' title='bbox 436 4664 545 4702; x_wconf 84' lang='lat' dir='ltr'>annum</span> <span class='ocrx_word' id='word_1_310' title='bbox 562 4658 640 4717; x_wconf 86' lang='lat'>1555,</span> <span class='ocrx_word' id='word_1_311' title='bbox 655 4647 712 4701; x_wconf 91' lang='lat' dir='ltr'>sub</span> <span class='ocrx_word' id='word_1_312' title='bbox 725 4646 816 4700; x_wconf 89' lang='lat' dir='ltr'>Paulo</span> <span class='ocrx_word' id='word_1_313' title='bbox 829 4646 871 4699; x_wconf 94' lang='lat' dir='ltr'>IV</span> <span class='ocrx_word' id='word_1_314' title='bbox 884 4644 1024 4717; x_wconf 90' lang='lat' dir='ltr'>pontifice</span> <span class='ocrx_word' id='word_1_315' title='bbox 1043 4645 1183 4709; x_wconf 84' lang='lat' dir='ltr'>maximo,</span> 
     </span>
    </p>

    <p class='ocr_par' dir='ltr' id='par_1_6' title="bbox 267 4733 789 4803">
     <span class='ocr_line' id='line_1_36' title="bbox 267 4733 789 4803; baseline -0.002 -13"><span class='ocrx_word' id='word_1_316' title='bbox 267 4735 280 4771; x_wconf 81' lang='lat'>⁸</span> <span class='ocrx_word' id='word_1_317' title='bbox 315 4734 438 4791; x_wconf 88' lang='lat' dir='ltr'>Scilicet</span> <span class='ocrx_word' id='word_1_318' title='bbox 450 4734 488 4789; x_wconf 89' lang='lat' dir='ltr'>de</span> <span class='ocrx_word' id='word_1_319' title='bbox 501 4734 659 4789; x_wconf 87' lang='lat' dir='ltr'>Francisco</span> <span class='ocrx_word' id='word_1_320' title='bbox 671 4733 789 4803; x_wconf 87' lang='lat' dir='ltr'>Borgia.</span> 
     </span>
    </p>
   </div>
   <div class='ocr_carea' id='block_1_5' title="bbox 0 0 1811 5409">
    <p class='ocr_par' dir='ltr' id='par_1_7' title="bbox 0 0 1811 5409">
     <span class='ocr_line' id='line_1_37' title="bbox 0 0 1811 5409; baseline 0 0"><span class='ocrx_word' id='word_1_321' title='bbox 0 0 1811 5409; x_wconf 95' lang='lat' dir='ltr'> </span> 
     </span>
    </p>
   </div>
  </div>
 </body>
</html>
