3567 5409
477 474 581 535 Erus.
600 473 757 545 ³⁶5⁶··¹9
774 476 919 533 Atreum
939 474 1008 546 1553
1269 474 1323 549 347

140 648 196 715 per
209 628 321 696 alcuni
336 628 423 697 mesi
439 650 460 695 a
474 630 520 697 V.
543 630 586 697 R.
609 650 671 716 per
687 630 736 697 tal
753 631 884 709 effetto,
901 628 983 697 nelli
999 628 1092 717 quali
1112 635 1235 718 puotrd
1254 632 1366 702 veder-

139 744 403 831 ladispositione
417 747 483 812 che
497 750 528 812 ε’
546 746 577 828 d,
595 756 632 815 et
646 745 751 815 etiam
765 745 929 833 aggiutar
944 746 977 814 la
993 748 1040 815 tal
1055 744 1277 834 dispositione
1298 766 1361 834 per
1430 732 1437 749 ⁸

141 883 184 928 un
198 861 353 948 oollegio.
373 843 402 929 E
417 882 501 931 vero
514 864 579 929 che
595 863 639 930 N.
659 863 701 930 P.
719 881 764 930 ne
779 864 823 929 ha
838 861 928 929 assai
939 860 1158 952 inclinatione
1169 863 1237 930 che
1248 861 1277 929 si
1289 863 1361 931 lac-

141 977 191 1044 cia
211 1000 280 1045 vno
299 977 335 1044 in
357 978 496 1059 Genua,
521 976 669 1045 comesi
689 978 709 1045 ὲ
733 988 831 1045 tanto
850 988 966 1065 tempo
987 978 1021 1045 sa
1043 978 1186 1065 perlato,
1212 999 1268 1045 ma
1289 996 1360 1049 non

141 1092 247 1160 vorria
258 1094 324 1162 che
337 1092 499 1163 auessino
510 1115 531 1161 a
543 1092 737 1190 mendicare
748 1092 772 1160 li
784 1092 932 1161 scholari
944 1094 1012 1163 che
1023 1094 1244 1176 mandaram,
1260 1114 1362 1163 como

141 1208 174 1275 in
186 1210 329 1293 qualche
345 1220 443 1295 parte
458 1207 488 1277 si
505 1209 550 1275 sa.

201 1326 264 1393 Del
278 1326 394 1406 modo,
411 1346 493 1412 pare
509 1346 529 1392 a
549 1326 595 1393 N.
615 1326 656 1391 P.
673 1327 739 1392 che
748 1326 798 1393 V.
818 1327 859 1393 R.
877 1325 967 1393 vada
982 1347 1003 1393 a
1019 1326 1167 1409 caual103
1186 1337 1274 1395 etse
1291 1347 1361 1394 non

143 1445 257 1527 puotrd
273 1442 384 1509 hauer
404 1440 500 1523 duoi,
518 1462 588 1506 vno
613 1460 673 1527 per
694 1460 745 1522 se,
763 1440 852 1508 altro
874 1462 936 1527 per
955 1439 979 1506 il
1000 1460 1195 1528 compagno
1210 1462 1286 1522 suo,
1309 1440 1360 1509 al·

142 1577 237 1626 meno
250 1558 316 1623 che
331 1556 457 1623 habbia
473 1576 554 1638 vn03
572 1554 651 1625 etsi
667 1555 783 1623 sardii
799 1557 894 1623 mulo
909 1556 1044 1637 idoneo,
1063 1557 1107 1624 V.
1124 1558 1165 1625 R.
1181 1556 1210 1623 si
1223 1576 1363 1625 accom-

143 1671 241 1753 modi,
257 1684 482 1758 quantunque
497 1693 567 1738 non
583 1671 712 1759 potessi
727 1670 928 1740 rimandsrsi
944 1692 1012 1757 qua
1028 1670 1141 1758 questi
1161 1672 1259 1741 mesi.
1283 1674 1359 1743 Ha·

144 1788 231 1857 ucria
245 1788 345 1859 etiam
361 1788 521 1874 piachere
538 1789 583 1855 N.
604 1790 660 1869 Ρ.,
682 1791 711 1854 s'
728 1786 954 1871 auancassino
969 1787 1092 1869 dinari,
1110 1790 1175 1856 che
1190 1790 1234 1857 V.
1253 1791 1296 1857 R.
1315 1812 1364 1859 ne·

146 1905 278 1991 portassi
305 1904 420 1972 alcuni
445 1924 538 1985 seco,
567 1925 629 1991 per
654 1902 783 1991 supplir
806 1903 838 1971 ld
862 1905 1010 1990 qualche
1032 1916 1273 1972 mancamento
1295 1908 1362 1975 che

145 2021 268 2107 puotria
283 2022 459 2089 accudere.
477 2020 543 2089 Del
559 2041 752 2108 compagno
767 2018 890 2106 lipare
905 2018 956 2089 sia
972 2040 1042 2087 vno
1056 2020 1130 2087 solo
1145 2041 1204 2107 per
1224 2022 1358 2106 adesso,

146 2156 200 2222 per
213 2136 314 2203 buoni
332 2134 478 2222 rispetti;
494 2145 530 2202 et
546 2147 681 2221 questo,
699 2156 738 2203 se
752 2134 829 2202 sard
845 2135 1036 2216 sacerdote,
1053 2134 1142 2205 seria
1162 2135 1221 2223 pid
1235 2158 1257 2203 a
1279 2156 1359 2223 pro-

145 2248 245 2337 posito
260 2274 319 2338 per
335 2252 358 2317 li
374 2250 554 2339 genouesi3
571 2262 607 2318 et
623 2252 711 2318 oltra
727 2250 762 2317 di
777 2251 881 2337 quelli
897 2254 962 2320 che
978 2250 1010 2318 io
1025 2250 1140 2319 scrissi
1152 2249 1174 2319 l'
1187 2252 1273 2319 altro
1284 2253 1363 2320 sab-

145 2368 228 2447 bato,
244 2370 289 2439 V.
306 2369 352 2436 R.
374 2366 488 2454 potria
503 2368 608 2435 veder
623 2388 661 2434 se
676 2365 765 2435 seria
780 2388 802 2433 a
815 2388 881 2436 suo
896 2366 1073 2454 proposito
1090 2368 1194 2435 Mtro.
1215 2368 1362 2437 Deside-

146 2483 192 2549 rio
205 2504 226 2550 o
239 2486 339 2552 Mtro.
358 2482 514 2550 Antonio
531 2485 557 2563 ⁰,
574 2493 801 2569 quantunque
816 2504 877 2570 per
891 2481 949 2548 dni
965 2504 987 2549 o
1002 2492 1056 2552 tre
1068 2482 1152 2551 mesi
1166 2504 1234 2551 non
1249 2504 1362 2570 venga

146 2600 288 2667 aRoma.
306 2600 354 2668 Se
369 2599 553 2667 sacerdote
568 2620 638 2666 non
654 2597 814 2681 trouassi,
832 2603 931 2685 potra
946 2598 1070 2687 pigliar
1092 2602 1150 2665 vn'
1173 2599 1260 2666 altro
1280 2598 1361 2668 delli

147 2714 272 2797 fratelli,
289 2715 391 2801 quale
406 2714 430 2781 li
445 2714 577 2803 pareri.
596 2714 634 2783 Si
649 2736 708 2783 era
724 2728 868 2802 pensato
884 2716 919 2783 di
936 2716 1124 2803 Tarquinio
1149 2718 1173 2799 ²,
1191 2737 1229 2783 se
1249 2716 1282 2783 la
1298 2716 1361 2786 de·

146 2832 254 2898 boleza
268 2854 335 2898 non
353 2831 464 2919 paresi
480 2853 500 2898 a
516 2832 562 2900 V.
579 2832 621 2897 R.
640 2832 705 2901 che
720 2829 743 2895 li
763 2832 914 2900 darebbe
929 2832 1185 2919 impedimento;
1204 2854 1259 2899 ma
1276 2850 1362 2917 que-

147 2955 194 3013 sto
206 2948 291 3014 della
304 2960 319 2987 ¹
333 2947 497 3016 electione
511 2946 567 3014 del
583 2966 790 3034 compagno,
813 2948 858 3015 V.
881 2948 924 3015 R.
946 2947 980 3015 la
996 2946 1103 3015 faccia
1118 2946 1363 3033 corne-meglio

147 3060 167 3126 li
181 3064 304 3149 parerd,
316 3063 552 3133 liberamente.

205 3176 266 3248 Del
281 3181 384 3247 modo
398 3181 435 3245 d'
451 3178 559 3245 intrar
574 3180 610 3246 in
629 3181 754 3248 Genua
770 3200 959 3247 occorreua
974 3190 1098 3266 questo
1113 3200 1132 3246 a
1152 3181 1197 3247 N.
1222 3180 1278 3247 P.:
1297 3180 1363 3249 cho

147 3292 224 3361 saria
239 3297 353 3361 buono
368 3297 497 3363 intrare
512 3317 559 3362 vn
570 3294 607 3363 dl
620 3292 736 3361 auanti
748 3296 895 3380 qualche
907 3296 994 3363 festa
1006 3316 1029 3361 ο
1043 3294 1234 3379 domenico,
1248 3315 1363 3362 smon-

148 3412 240 3476 tando
254 3410 288 3477 in
303 3410 451 3497 qualche
466 3409 605 3491 osteria,
621 3421 657 3477 et
671 3408 727 3497 poi
743 3408 989 3477 informandosi
1005 3430 1043 3477 se
1059 3413 1089 3477 c'
1107 3410 1286 3496 &qualche
1302 3411 1363 3476 ho-

147 3524 265 3610 spitale,
283 3526 376 3593 doue
393 3547 461 3592 non
478 3525 575 3593 siano
591 3524 740 3605 amalati,
757 3536 793 3595 et
813 3546 874 3613 per
894 3546 962 3592 vna
983 3537 1080 3595 notte
1103 3526 1247 3613 allogiar
1266 3525 1359 3607 diua,

148 3658 180 3705 se
202 3644 273 3709 sara
292 3639 511 3708 commoditd.
538 3642 615 3708 Non
644 3641 801 3723 essendo,
828 3642 964 3709 haslud
987 3642 1129 3711 hauerlo
1152 3652 1300 3723 cereato;
1326 3653 1362 3712 et

149 3756 226 3824 nella
240 3756 402 3842 hosteria,
419 3776 441 3822 o
457 3756 548 3825 doue
564 3756 587 3823 li
607 3760 739 3843 parerd,
757 3748 855 3844 pond
872 3757 1030 3825 dormire.
1050 3758 1093 3823 Et
1110 3758 1143 3824 la
1158 3756 1286 3824 matina
1302 3760 1362 3824 ha-

149 3869 230 3937 ueria
252 3871 388 3958 piacher
413 3870 584 3957 predicasi
599 3873 631 3938 la
655 3874 698 3942 R.
724 3872 769 3939 V.
794 3872 903 3959 prima
925 3872 973 3938 dil
996 3874 1107 3960 parlar
1123 3872 1180 3939 alli
1196 3871 1308 3954 amici3
1326 3886 1361 3941 et

149 3998 257 4069 questo
271 3987 394 4073 giorno
409 3986 433 4053 li
450 3987 584 4073 puotria
599 3988 706 4055 ander
720 4010 742 4055 a
756 4001 886 4069 trouar,
904 3987 1186 4074 principalmente
1202 4009 1223 4055 a
1246 3988 1358 4073 questi

149 4101 203 4167 che
217 4101 387 4184 scriuon03
405 4112 441 4169 et
462 4102 497 4168 in
518 4122 636 4170 cercar
654 4125 675 4169 a
694 4104 728 4170 la
746 4104 873 4170 stantia
894 4103 929 4168 in
951 4104 1097 4188 qualche
1117 4102 1279 4190 hospital,
1302 4124 1361 4171 era

149 4229 286 4303 respetto
300 4219 344 4287 de
358 4220 394 4287 lo
408 4218 483 4286 dire
498 4240 518 4286 a
533 4230 683 4299 costoro,
697 4219 835 4305 quando
846 4218 1111 4287 domandassino
1123 4219 1213 4288 doue
1223 4220 1360 4287 haueua

149 4471 344 4487 *un-

193 4521 205 4555 ⁸
238 4521 282 4577 De
298 4523 392 4593 socio,
409 4523 458 4579 cui
475 4540 584 4579 nomen
601 4522 787 4593 Desiderius,
803 4530 897 4593 egunt
918 4520 1017 4593 Epist.
1040 4522 1166 4588 Mixlac,
1188 4522 1240 4588 lV,
1259 4534 1309 4577 211
1329 4531 1361 4581 et

150 4620 205 4676 5293
217 4609 361 4667 Antonius
373 4628 456 4682 vero,
468 4612 519 4684 qui
532 4610 580 4669 hic
592 4610 772 4682 nominetur,
784 4609 983 4666 videturesse
997 4610 1145 4667 Antonius
1157 4610 1297 4667 Marinus.

166 4726 170 4734 ·
197 4700 207 4731 ¹
240 4698 416 4773 Tarquinius
427 4699 582 4773 Raynaldi.
