3567 5409
505 432 609 487 Ensr‘.
629 428 765 499 3809.-·7
785 428 949 487 Ocronnrs
970 428 1040 499 1553
1297 438 1352 500 559

189 607 190 615 “
228 586 271 655 Se
296 607 317 651 a
344 606 425 653 caso
450 584 532 651 fossi
555 582 715 653 mandato
738 592 840 651 uerso
863 584 1012 652 Modena
1031 595 1047 625 ⁸
1070 606 1092 651 o
1114 585 1258 653 Ferrara
1280 586 1387 653 Mtro:

169 699 329 771 Giouanni
355 702 575 788 Conspeano,
603 710 734 771 uenuto
754 699 788 767 di
812 700 960 781 Vienna,
982 699 1012 767 si
1035 703 1134 788 potra
1160 699 1328 769 indrizare
1354 702 1387 768 la

170 820 252 886 uolta
266 816 300 883 di
316 820 428 885 Roma
442 828 574 903 quanto
589 816 698 903 primo
714 818 749 883 ¹et
764 816 824 903 pin
840 819 1136 895 commodamente
1151 816 1180 885 si
1196 820 1305 905 porra.

143 1016 146 1019 ,
227 934 421 1020 Inscriptio.
433 934 510 999 'Per
525 932 550 998 il
566 933 677 999 Padre
691 932 761 999 don
777 933 971 1001 Francesco
986 931 1131 1004 Palmio.

722 1103 827 1185 38⁰9

342 1236 570 1320 nonnanis
594 1192 932 1314 nonnsoonns
956 1237 1019 1305 Ex
1042 1236 1196 1309 conn.
1320 1252 1323 1255 ⁴

569 1379 657 1425 nour
671 1381 688 1438 7
701 1378 860 1425 ocsoarns
877 1365 946 1439 1553
959 1369 980 1425 ¹.

163 1487 336 1561 Superiores
348 1486 469 1541 litteras
481 1485 793 1543 commemorate&
801 1484 1018 1559 transferendo
1026 1485 1179 1541 sodalium
1189 1487 1392 1549 domicilio.-

215 1576 354 1667 Laooree,
367 1576 442 1630 dum
458 1574 587 1647 infirmo
605 1579 739 1629 utuntur·
752 1574 940 1639 valetudine,
957 1576 1283 1647 temperandi-lubet
1299 1580 1393 1634 socios

213 1668 281 1722 bene
293 1666 581 1721 valera-Litterae
594 1664 636 1719 od
648 1664 835 1719 dostiosotum
848 1665 947 1720 locum
960 1664 1133 1725 murentur.

229 1786 301 1851 Pax
317 1780 376 1849 X.i
452 1774 457 1787 ⁸
749 1846 752 1853 .

227 1896 439 1965 Charissirno
455 1896 490 1963 in
503 1898 587 1985 Jesn
604 1896 669 1963 Χ.ο
686 1899 791 1965 Mtro.
807 1895 962 1965 Andrea.

228 2014 356 2081 Nostro
374 2013 486 2081 Padre
504 2014 550 2079 ha
570 2011 730 2080 riceuuto
748 2012 782 2078 le
802 2022 919 2097 vostre
941 2011 977 2078 di
998 2030 1083 2101 ηε
1104 2030 1147 2100 29
1167 2014 1223 2081 del
1243 2025 1392 2100 passato.

163 2126 206 2195 Et
233 2130 361 2214 perche
389 2127 483 2195 circa
510 2118 533 2193 li
562 2128 685 2195 fratelli
713 2128 850 2195 amalati
871 2139 907 2194 et
928 2126 1021 2195 cirea
1041 2128 1074 2195 la
1094 2148 1175 2195 casa
1194 2130 1345 2197 malsana
1365 2130 1395 2197 si

160 2242 274 2311 scriue
289 2245 323 2310 al
336 2244 449 2312 Padre
461 2246 529 2311 don
543 2245 736 2311 Francesco
750 2243 894 2325 Palmio‚
909 2243 934 2309 il
945 2220 1047 2328 quale
1059 2248 1148 2325 sera,
1161 2264 1261 2312 como
1273 2266 1393 2333 penso,

162 2372 315 2445 portator
342 2359 377 2426 di
398 2371 532 2445 questa,
562 2381 583 2426 a
603 2359 652 2425 lui
674 2358 720 2425 mi
742 2359 864 2427 rimeto
885 2359 911 2425 ⁸.
935 2359 985 2427 La
1006 2380 1137 2427 somma
1158 2360 1189 2441 ὲ,
1207 2362 1272 2427 che
1287 2362 1332 2430 N.
1352 2360 1393 2446 B.

161 2476 265 2542 vuole
279 2476 308 2542 si
325 2476 412 2557 muti
428 2496 508 2542 casa
523 2474 559 2541 in
576 2476 659 2561 ogni
674 2460 791 2555 modo,
810 2484 845 2544 et
860 2476 928 2544 che
944 2497 1014 2542 non
1030 2473 1060 2541 si
1082 2486 1234 2561 tengono
1253 2476 1311 2563 pin
1331 2478 1396 2563 che

160 2590 221 2656 doi
236 2592 357 2659 schole
374 2612 435 2678 per
452 2592 587 2659 adesso.
607 2591 758 2677 Quando
779 2590 815 2657 si.
830 2592 957 2659 uedera
977 2590 1137 2679 maggior
1157 2590 1394 2679 dispositione,

161 2704 192 2772 si
207 2706 433 2795 augmentari
451 2704 555 2775 etiarn
572 2706 597 2771 il
613 2727 758 2775 numero
773 2706 854 2774 delli
868 2689 984 2773 leston
1001 2716 1036 2774 et
1049 2706 1128 2772 delli
1141 2705 1250 2773 nostri
1263 2707 1394 2777 fratelli.

164 2822 232 2889 Per
247 2823 370 2889 adesso
387 2822 523 2889 basteri
540 2820 668 2889 restino
684 2820 735 2911 sei
752 2822 803 2888 fra
820 2819 915 2902 tutti,
936 2842 1037 2889 como
1056 2821 1130 2888 dira
1150 2822 1174 2887 il
1196 2824 1307 2890 Padre
1327 2823 1396 2889 don

163 2932 363 3006 Franeesco
377 2946 411 3004 et
426 2938 584 3006 diuidera
599 2936 621 3004 l'
637 2936 713 3004 altri
730 2957 792 3025 per
807 2936 831 3003 li
846 2936 997 3023 collegii.
1393 2914 1395 2920 ¹

230 3055 389 3120 Durante
407 3054 440 3119 la
457 3064 577 3119 uostra
592 3044 852 3140 indispositione
867 3072 938 3119 non
953 3054 1119 3119 accadera
1144 3053 1212 3121 che
1234 3053 1268 3120 ui
1284 3054 1397 3120 affati-

162 3167 256 3235 chati
273 3182 396 3255 troppo
413 3169 448 3235 in
466 3170 537 3237 sare
554 3169 576 3234 l’
596 3168 750 3237 oratione
765 3169 820 3235 del
836 3168 965 3249 studio,
983 3168 1143 3238 massime
1158 3190 1228 3235 non
1244 3170 1398 3256 sapendo

163 3284 280 3369 quello
300 3286 367 3351 che
388 3284 417 3351 si
439 3289 539 3371 potra
560 3286 611 3350 sar
631 3284 697 3351 alla
719 3284 824 3371 lunga
844 3284 881 3350 in
902 3295 999 3351 tanto
1021 3285 1086 3353 che
1106 3285 1138 3351 le
1158 3305 1240 3353 cose
1259 3306 1346 3352 sono
1361 3284 1396 3350 in

164 3410 276 3467 mottu
293 3411 327 3468 et
344 3422 415 3467 non
430 3400 603 3491 accettati3
623 3402 666 3467 ne
687 3402 797 3469 anche
818 3400 850 3467 le
872 3400 1006 3469 lettioni
1025 3399 1211 3487 bisognera
1232 3400 1397 3468 commin-

162 3513 268 3596 ciare,
296 3537 365 3583 non
384 3516 413 3583 si
434 3517 587 3603 sapendo
608 3514 632 3581 il
653 3502 781 3583 luocho
804 3518 895 3585 doue
915 3516 945 3583 si
965 3515 1228 3596 continuerano,
1250 3515 1275 3581 il
1298 3517 1398 3601 quale

164 3630 295 3699 douera
311 3632 421 3699 hauer
441 3632 509 3699 due
530 3633 647 3701 schole
667 3630 807 3699 distinte
827 3652 888 3719 per
909 3630 965 3697 doi
986 3626 1138 3712 maestri,
1162 3653 1233 3699 uno
1247 3631 1284 3698 di
1299 3653 1398 3719 mag-

165 3746 270 3833 giori,
288 3749 311 3812 l'
331 3749 417 3814 altro
434 3748 469 3814 di
483 3747 617 3814 minori.
719 3742 721 3745 ’

234 3864 306 3932 Alli
334 3862 435 3930 Padri
464 3866 567 3933 Mtro.
600 3864 746 3933 Cessare
774 3877 808 3933 et
837 3866 941 3934 Mtro.
971 3863 1125 3934 Adriano
1149 3865 1175 3944 ⁸,
1205 3861 1397 3950 indisposti,

167 3981 273 4047 molto
294 3979 328 4045 ci
349 3980 656 4062 raccornandiamo,
680 3990 715 4049 et
738 3980 913 4047 uorriamo.
930 3999 1051 4067 sapere
1073 3981 1163 4049 doue
1184 3990 1354 4067 reputano
1375 3978 1400 4045 li

166 4095 292 4163 medici
307 4095 412 4163 staria
429 4095 558 4181 meglio
576 4095 598 4160 il
616 4097 655 4163 P.
676 4098 779 4163 Mtro.
795 4095 961 4165 Adriano.

170 4230 383 4249 *1¹¹—

220 4299 232 4323 *
272 4299 410 4357 mandeto
423 4317 511 4366 uerso
524 4300 651 4357 Modeno
662 4318 719 4361 ms.

170 4416 382 4435 Q...-

220 4493 228 4525 '
273 4490 317 4545 Ex
329 4490 431 4546 codice
447 4490 567 4564 Καμεὶ.
582 4488 606 4557 1,
623 4488 672 4547 fol.
688 4486 751 4544 381.

220 4582 234 4612 ⁸
272 4578 348 4635 Vide
362 4580 503 4653 epistolas
514 4579 694 4652 superiores.

222 4672 235 4705 ³
273 4668 383 4725 Caesar
395 4669 568 4725 Aversanus
582 4676 611 4723 et
625 4666 772 4724 Adrianus
786 4666 949 4725 Candidus.
