3567 5409
527 420 630 478 Epist.
651 418 789 489 3722.-2
807 418 1010 476 smmum
1031 418 1100 489 ¹553
1339 414 1393 487 439

200 572 347 641 Genoua
363 572 468 639 molto
484 584 614 659 presto,
631 583 666 640 et
681 573 773 640 forse
789 594 809 639 a
825 574 936 659 quest’
953 575 1037 641 hora
1052 573 1071 640 ὲ
1087 572 1225 659 partito,
1243 573 1328 642 sele
1346 592 1428 640 cose

197 688 242 754 de
256 697 353 754 santo
369 686 591 755 Giouannino
606 710 677 756 non
694 690 728 756 lo
746 700 953 775 tratengono
969 688 1084 756 alcuni
1099 688 1134 756 (R
1153 688 1224 774 pii.

262 803 287 869 11
302 804 364 871 Dr.
380 804 492 871 Olane
509 802 527 870 ὲ
550 804 676 871 andato
695 804 731 871 in
753 804 921 892 Aggubio
941 825 1007 871 con
1030 806 1054 870 il
1074 803 1248 873 cardinale
1273 806 1311 885 ¹⁰,
1334 804 1427 873 doue

200 918 244 984 ha
259 921 344 985 fatto
360 918 467 985 buoni
482 918 588 987 officii
604 918 637 987 in
649 920 807 1009 ‘semigio
817 922 853 987 d’
871 920 979 1003 Iddi0,
996 931 1032 989 et
1047 920 1283 989 ultimamente
1299 920 1390 987 andi>
1406 941 1427 987 a

202 1032 359 1121 Perugia,
376 1046 413 1102 et
427 1036 460 1102 al
475 1056 594 1104 mezzo
614 1036 809 1107 Settembre
826 1046 986 1123 presente
1004 1036 1096 1103 citca
1116 1037 1141 1101 l’
1163 1036 1367 1123 aspettiamo
1389 1035 1425 1103 in

201 1150 315 1232 Roma,
330 1151 421 1220 doue
432 1160 485 1219 sta
500 1151 599 1218 ilDr.
615 1154 739 1220 Torres
758 1154 795 1233 ¹¹,
813 1152 870 1238 gii
887 1154 974 1219 fatto
989 1153 1179 1233 sacerdote,
1198 1162 1233 1220 et
1248 1152 1353 1239 legge
1369 1153 1427 1221 nel

196 1264 338 1352 collegio
355 1286 424 1333 una
439 1266 580 1335 lettione
595 1268 639 1337 de
654 1266 845 1354 filosophia.

261 1380 392 1450 Stiamo
413 1381 487 1449 sani
507 1383 621 1469 peria
640 1382 759 1451 diuina
780 1382 904 1470 gratia,
922 1394 957 1453 et
980 1382 1011 1449 ci
1032 1384 1297 1450 racomandamo
1316 1385 1424 1451 molto

197 1494 250 1563 all'
265 1495 410 1563 orationi
425 1499 469 1565 de
484 1500 529 1565 V.
548 1500 590 1567 R.
608 1510 644 1566 et
662 1498 743 1567 delli
764 1499 868 1567 Padri
888 1510 923 1567 et
944 1498 1066 1567 fratelli
1086 1498 1194 1566 nostri
1214 1498 1421 1571 charissimi.
1504 1493 1506 1497 ’

193 1611 253 1681 sia
263 1614 346 1701 Jesii
363 1612 428 1681 X.⁰
443 1613 479 1679 in
495 1614 641 1701 aggiuto
656 1625 691 1682 et
707 1614 806 1682 fauor
820 1615 864 1682 de
880 1614 962 1681 tutti
981 1613 1269 1683 continuamente.

256 1729 309 1797 De
325 1730 434 1797 Roma
451 1748 471 1796 2
488 1730 531 1799 de
547 1730 743 1799 Settembre
764 1747 860 1815 1553.
891 1760 895 1769 ¹

258 1844 455 1931 Inscriptio.
476 1846 543 1913 Per
558 1845 583 1912 il
599 1848 640 1914 Ρ.
659 1846 851 1925 Salmeron,
870 1868 891 1913 a
907 1844 1043 1932 Napoli.

259 2076 360 2143 Fstas
383 2077 486 2144 letras
508 2098 590 2163 para
613 2076 645 2146 el
673 2076 787 2163 virrey
813 2098 876 2143 son
904 2078 960 2147 del
987 2078 1133 2165 collegio
1159 2078 1370 2167 germanico,
1401 2087 1422 2147 έι

192 2190 297 2277 quien
318 2192 463 2259 estando
483 2199 544 2259 aci
564 2192 732 2279 prometio
746 2192 780 2259 el
799 2193 959 2261 cardenal
979 2212 1041 2261 100
1061 2206 1140 2266 Ν
1163 2196 1195 2261 al
1218 2204 1298 2282 ano,
1322 2197 1421 2282 yios

196 2305 290 2374 firmo
305 2309 352 2374 de
367 2330 408 2375 su
424 2330 538 2388 mano,
556 2332 579 2396 y
594 2310 703 2377 hanse
717 2308 867 2375 cobrado
883 2318 1005 2395 quatro
1021 2330 1144 2391 meses3
1162 2332 1186 2396 y
1205 2310 1420 2397 supplicanle

193 2421 234 2489 de
250 2422 360 2491 forma
375 2424 505 2511 parael
527 2436 631 2492 raeto.
654 2422 691 2495 si
717 2431 738 2491 1
761 2424 803 2491 V.
832 2425 874 2491 R.
892 2423 1066 2511 pareciere
1092 2446 1139 2491 no
1161 2426 1223 2495 dar
1246 2448 1347 2494 como
1374 2428 1419 2497 de

193 2549 284 2623 parte
300 2539 344 2607 de
359 2540 393 2605 la
409 2540 600 2627 Compafiia
615 2550 707 2607 estas
721 2550 846 2620 cartas,
865 2548 970 2627 tenga
981 2560 1044 2626 por
1060 2560 1155 2607 amor
1167 2542 1211 2610 de
1227 2541 1293 2612 Χ.0
1310 2543 1419 2611 forma
1486 2534 1489 2540 ’

189 2672 254 2721 1οοιι
269 2656 377 2741 algun
392 2654 507 2741 amigo
522 2654 566 2725 de
580 2675 660 2722 casa
675 2654 732 2725 del
754 2653 868 2740 virtey
891 2656 1003 2742 (como
1024 2660 1114 2723 seria
1138 2657 1169 2725 el
1193 2657 1418 2743 mayordomo

190 2768 256 2836 don
267 2770 347 2858 Ju.⁰
363 2771 406 2839 de
422 2771 597 2856 Gueuara)
613 2790 681 2855 que
697 2790 734 2838 se
749 2770 819 2841 den
834 2770 884 2838 las
900 2770 1003 2837 letras
1017 2792 1095 2856 yse
1109 2774 1203 2859 haga
1222 2785 1414 2859 respuam,

189 2889 209 2949 A
225 2886 257 2953 lo
272 2907 391 2954 menos
407 2886 451 2955 de
466 2886 578 2967 obras,
598 2907 728 2973 porque
742 2886 786 2953 de
803 2886 959 2975 palabras
970 2907 1016 2953 no
1031 2886 1229 2973 importare.
1249 2888 1280 2955 Y
1296 2888 1325 2954 si
1342 2900 1418 2957 otro

191 3020 233 3065 no
247 3021 381 3082 ocum,
404 3002 436 3071 el
456 3010 557 3070 senor
580 3000 658 3089 Ju.⁰
679 2998 882 3070 Hierbnimo
907 2999 1042 3088 Vignes
1063 3008 1140 3069 seri
1163 3004 1289 3084 bueuo,
1316 3024 1416 3073 como

191 3136 319 3201 parece.
339 3116 553 3184 Finalmente
569 3117 613 3184 V.
633 3118 674 3185 R.
700 3117 744 3184 de
766 3138 813 3183 vn
833 3126 942 3199 corte,
968 3116 1048 3202 quai
1075 3117 1108 3183 le
1134 3118 1321 3203 pareciere,
1347 3140 1416 3205 que

187 3236 265 3317 aqui
281 3245 437 3300 tenemoe
452 3238 472 3299 1
488 3244 625 3301 cuestas
640 3242 714 3302 este
725 3230 885 3318 collegio,
904 3252 1005 3298 como
1020 3233 1053 3299 el
1064 3244 1219 3315 nuestm,
1233 3256 1257 3320 y
1269 3255 1338 3301 avn
1352 3257 1418 3303 nos

191 3366 268 3431 pesa
285 3346 384 3439 [mas]
398 3369 460 3435 por
475 3370 531 3416 ser
546 3347 579 3414 la
595 3366 700 3434 gente
715 3352 788 3414 mas
804 3347 929 3433 pesada
945 3347 989 3416 de
1004 3368 1104 3433 suyo.

468 3464 630 3531 Mandate
646 3462 725 3531 addi
743 3481 762 3529 2
779 3474 814 3531 et
832 3482 851 3547 3
867 3464 912 3531 de
926 3464 1132 3533 Settembre.

253 3580 448 3665 Inscriptio.
469 3582 536 3645 Per
552 3578 575 3645 il
592 3580 630 3643 P.
650 3578 842 3647 Salmeron.

188 3725 395 3741 ——n—

231 3802 252 3837 ¹⁰
289 3803 445 3858 Marcellus
457 3800 616 3871 Cervinus,
629 3800 677 3857 eui
690 3799 840 3872 eugubina
852 3799 939 3857 sedes
951 3801 1108 3859 commissa
1122 3814 1196 3859 erat.

230 3892 249 3925 ¹¹
286 3892 439 3948 Balthasar
453 3891 624 3947 Turrianus.
