3567 5409
498 470 601 528 misr.
621 468 693 525 3383
712 472 832 540 bin-29
851 470 980 527 Amnis
1001 468 1071 539 1553
1329 466 1364 539 57

229 624 283 690 6.⁰
330 626 384 694 De
401 623 557 692 Henrico
572 625 598 704 ⁴,
615 626 694 707 che,
716 644 818 692 senza
840 624 961 703 classe,
985 622 1019 689 lo
1040 622 1148 691 faccia
1168 625 1286 691 andar’
1309 625 1400 691 doue

162 738 212 806 sia
227 742 357 827 meglio
373 764 435 827 per
450 741 511 808 lui.

230 860 286 939 7.⁰
330 857 376 923 D’
394 858 570 925 Aluarado
585 857 614 923 si
630 856 674 923 da
696 856 793 923 auiso
810 856 948 941 quando
964 854 1100 923 andassi
1116 855 1151 922 di
1167 856 1199 923 la
1216 858 1243 922 ⁸.

230 974 284 1039 8.⁰
330 973 396 1042 Del
412 974 517 1041 Card.
536 974 579 1041 de
597 977 735 1059 Burgos
750 974 763 1008 ⁰
780 972 905 1059 partito
920 970 1040 1059 hoggi,
1059 983 1095 1039 et
1110 974 1175 1041 che
1191 973 1225 1039 lo
1247 971 1354 1044 uisiti.

188 1146 193 1153 .
228 1088 284 1177 9.⁰
331 1090 356 1156 ll
373 1089 522 1179 capitolo
539 1112 639 1176 sopra
657 1092 821 1169 Bassan0,
840 1100 874 1155 et
891 1090 958 1155 che
973 1088 1113 1155 attenda
1128 1112 1149 1156 a
1164 1088 1311 1175 spedire.

696 1258 869 1343 3383bi⁵

320 1403 822 1489 QUIBUSCUMQUE
857 1401 1249 1472 Lscrorrrnus

579 1547 665 1591 eous
683 1550 719 1606 ²9
738 1545 860 1593 neurus
881 1534 950 1606 1553
969 1537 989 1596 ¹.

411 1662 458 1717 De
471 1661 657 1717 instituendo
671 1662 837 1717 Almanam'
850 1663 1009 1719 Societatis
1021 1662 1158 1748 collegio.

228 1790 261 1846 ln
277 1789 401 1847 nomine
417 1788 552 1848 Domini.
566 1788 677 1849 Amen.

227 1896 284 1953 Per
297 1898 360 1953 hoc
372 1914 503 1971 presens
518 1896 677 1971 publicum
692 1896 929 1955 instrumentum
944 1898 1064 1956 cunetis
1078 1904 1183 1972 pateat
1193 1897 1357 1955 euidenter
1371 1906 1403 1954 et

171 2003 209 2059 sit
220 2012 334 2074 notum,
346 2004 432 2076 quod
444 2020 526 2063 anno
538 2020 556 2061 a
566 2004 726 2061 natiuitate
738 2003 856 2061 domini
868 2005 964 2063 nostri
972 2004 1041 2077 Jhu.
1052 2004 1125 2079 Xpi.
1137 2004 1301 2063 millesimo
1313 2004 1401 2078 quin·

171 2112 340 2185 gentesimo
352 2110 611 2187 quinquagesimo
625 2112 727 2183 tertio,
739 2112 908 2169 indictione
918 2112 1093 2183 undecima,
1105 2112 1156 2169 die
1167 2129 1243 2170 vero
1255 2112 1403 2189 vigesima

174 2233 251 2273 nona
262 2218 378 2275 mensis
390 2216 512 2291 Aprilis
520 2218 716 2291 pontificatus
727 2219 913 2277 sanctissimi
925 2219 955 2276 in
970 2218 1052 2293 Xpo.
1065 2219 1162 2293 patris
1172 2226 1204 2276 et
1215 2218 1334 2277 domini
1345 2236 1402 2275 no-

172 2324 232 2393 stri,
246 2325 362 2383 domini
375 2324 455 2399 Julii,
471 2326 578 2385 diuina
590 2326 785 2401 prouidentia
797 2342 877 2400 pape
887 2326 980 2397 tertii,
992 2344 1073 2384 anno
1088 2335 1207 2399 quartu,
1219 2326 1249 2384 in
1261 2326 1333 2398 mei,
1346 2344 1403 2383 no-

174 2433 235 2489 tarii
250 2432 366 2505 publici
381 2434 506 2491 archiuii
521 2450 647 2491 romane
659 2434 742 2491 curie
754 2434 923 2507 scriptoris,
935 2434 1122 2507 testiumque
1136 2433 1403 2509 infrascriptorum

175 2540 323 2611 presentia
348 2541 551 2614 personaliter
575 2541 761 2599 constitutus
784 2541 880 2598 Rdus.
900 2542 1045 2599 dominns
1063 2541 1199 2617 lgnatius
1219 2542 1259 2600 de
1274 2542 1403 2616 Loyola,

175 2648 343 2720 prepositus
358 2648 511 2725 generalis
527 2646 687 2707 Societatis
702 2648 742 2705 de
755 2648 826 2721 Jesu
843 2648 1031 2723 principalis,
1042 2666 1099 2723 pro
1112 2665 1144 2707 se
1157 2648 1224 2723 ipso
1237 2655 1268 2704 et
1278 2648 1402 2705 nomine

174 2750 252 2811 dicte
277 2754 451 2825 Societatis,
470 2755 576 2831 vigore
596 2754 826 2831 priuilegiorum
846 2754 929 2813 dicte
948 2754 1095 2813 Societati
1108 2767 1344 2825 concessorum,
1368 2772 1404 2811 ac

177 2861 245 2919 alias
259 2862 404 2919 omnibus
419 2862 597 2921 melioribus
612 2862 718 2933 modo,
733 2863 792 2933 via,
803 2862 883 2937 jure,
897 2878 991 2949 causa
1003 2871 1035 2919 et
1047 2860 1152 2933 forma,
1168 2862 1280 2935 quibus
1294 2862 1405 2919 melius

176 2976 202 3025 et
216 2970 368 3027 efficatius
383 2970 422 3029 de
436 2970 504 3043 jure
519 2971 618 3044 potuit
633 2980 664 3027 et
679 2970 796 3039 debuit,
812 2970 942 3029 instituit
955 2980 987 3027 et
1005 2971 1107 3027 erexit
1124 2986 1219 3026 vnum
1239 2970 1405 3044 collegium

177 3077 346 3135 scholarum
361 3078 443 3137 dicte
458 3077 622 3137 Societatis
641 3078 672 3135 in
691 3078 808 3152 oppido
829 3078 868 3133 de
889 3077 1039 3150 Almaqan
1059 3078 1240 3152 seguntinae
1261 3076 1404 3146 diocesis,

177 3184 203 3241 in
217 3184 286 3241 loco
303 3194 412 3258 postea
427 3186 581 3261 eligendo;
593 3185 643 3243 cui
658 3185 785 3259 quidem
800 3185 933 3260 collegio
949 3202 1006 3258 pro
1021 3186 1090 3241 eius
1103 3185 1177 3241 dote
1193 3192 1225 3241 et
1238 3202 1297 3241 sex
1312 3184 1403 3241 scho-

176 3290 278 3348 larium
292 3291 367 3348 inibi
383 3309 438 3365 pro
458 3301 598 3367 tempore
618 3292 798 3367 degentium
819 3299 850 3349 et
868 3292 1126 3350 commorantium
1144 3291 1404 3362 substentatione,

178 3414 370 3471 quecumque
390 3400 483 3469 bona,
495 3401 564 3473 jura
579 3407 609 3457 et
628 3416 687 3471 τες,
705 3407 766 3457 tarn
783 3416 838 3473 per
857 3399 1039 3473 Xpolorum.
1056 3398 1178 3469 Lainez,
1197 3416 1291 3471 quam
1310 3416 1405 3471 quos·

176 3522 305 3578 cumque
320 3506 396 3563 alios
411 3504 525 3563 Christi
540 3506 649 3563 fideles
663 3524 719 3579 pro
734 3514 875 3579 tempore
890 3507 1014 3577 donata,
1029 3506 1112 3577 data,
1126 3507 1234 3564 relicta
1249 3514 1281 3563 et
1295 3524 1404 3581 eroga·

176 3620 212 3683 ta,
227 3630 262 3671 ac
277 3612 391 3685 danda,
406 3613 552 3669 donanda
568 3622 598 3671 et
610 3614 777 3689 eroganda,
791 3614 958 3687 applicauit
968 3623 1000 3669 et
1011 3614 1218 3687 appropriavit
1229 3614 1268 3671 ad
1280 3614 1404 3671 laudem

177 3728 205 3775 et
218 3720 348 3795 gloriam
363 3720 481 3777 domini
496 3720 590 3777 nostri
603 3719 672 3792 Jhu.
689 3718 811 3778 Christi.
828 3718 927 3795 Super
941 3720 1055 3794 quibus
1069 3720 1215 3777 omnibus
1230 3730 1261 3777 et
1276 3720 1405 3795 singulis

178 3826 255 3883 idem
271 3827 367 3885 Rdus
383 3826 528 3884 dominus
543 3828 717 3901 prepositus
733 3826 791 3883 sibi
807 3844 824 3883 a
839 3846 900 3898 me,
914 3830 1034 3885 notario
1053 3828 1180 3901 publico
1200 3827 1403 3901 infrascripto

176 3948 265 3991 vnum
277 3934 326 3991 vel
340 3936 436 4007 plura,
448 3934 606 4008 publicum
617 3952 671 3991 seu
684 3934 815 4009 publica,
827 3934 893 3991 fieri
905 3936 991 4009 petiit
1003 3945 1034 3991 et
1045 3936 1156 3993 confici
1168 3937 1404 3992 instrumentum

178 4046 207 4095 et
221 4040 430 4099 instrumenta.
446 4038 525 4099 Acta
540 4040 664 4099 luerunt
679 4043 737 4099 hec
754 4042 852 4099 Rome
866 4043 897 4099 in
918 4042 1012 4099 domo
1032 4042 1231 4099 habitationis
1250 4042 1332 4099 dicte
1347 4042 1404 4098 So-

180 4148 292 4205 cietatis
312 4148 369 4205 sub
389 4164 481 4217 anne,
502 4148 680 4219 indictione,
699 4148 759 4219 die,
779 4167 884 4206 mense
905 4157 938 4205 et
957 4150 1146 4224 pontificatu,
1168 4151 1282 4222 quibus
1301 4167 1403 4223 supra,
1478 4197 1484 4206 .

180 4256 369 4325 presentibus
384 4254 503 4313 lbidem
518 4256 651 4313 dominis
670 4256 750 4333 lllag.
768 4258 886 4330 Joanne
901 4257 1046 4327 Polanc0,
1064 4252 1178 4315 clerico
1196 4256 1352 4331 burgensi,
1373 4264 1405 4313 et

183 4384 359 4396 ὓ-ᾕ--ι

228 4456 239 4487 ⁴
275 4452 622 4509 HenricusSommalius.
979 4456 991 4487 ⁸
1028 4452 1104 4507 Vide
1118 4454 1272 4525 epistolam
1286 4452 1367 4523 3379.

228 4542 246 4577 b
274 4542 446 4597 Franciscus
461 4542 611 4602 blendoza.

224 4714 230 4746 ¹
267 4714 309 4768 Ex
321 4720 519 4784 monumento,
533 4712 649 4786 publica
659 4711 718 4767 fide
728 4714 875 4782 roborato,
886 4711 917 4768 in
927 4711 1028 4768 codice
1041 4712 1150 4768 Castel.
1161 4713 1255 4785 Hist„
1267 4711 1401 4783 164170.
