3567 5409
771 433 978 488 Monuucnrn
997 429 1176 486 lemmatis

924 632 1016 712 3715

514 766 653 833 parm
672 766 845 854 Josnm
872 763 1165 831 ratrammo
1189 762 1252 828 Ex
1275 726 1429 829 cosin.

747 919 835 962 nona
849 920 865 959 2
879 909 1074 961 SEPTEMBRIS
1090 902 1158 972 1553
1171 904 1193 959 ¹.

354 1033 489 1104 Acceptis
499 1032 611 1087 litteris
623 1030 1032 1103 respondete-Pelletarium
1046 1030 1189 1084 admonet
1199 1028 1296 1093 ociis,
1306 1046 1382 1101 quoe
1391 1026 1507 1083 sociiis
1517 1027 1589 1090 iiio,

354 1192 355 1195 Ἴ
407 1126 513 1177 notatu
527 1124 636 1194 digno,
647 1122 917 1191 deprehenderunt,
932 1124 1078 1190 rogatque
1092 1124 1124 1171 ut
1136 1119 1318 1189 deprehensa
1329 1118 1586 1174 emendet-Sto·

409 1213 467 1264 tuit
481 1211 555 1281 quid
567 1212 601 1265 in
614 1210 733 1281 agendo
744 1228 812 1264 cum
828 1210 932 1263 Maria
950 1209 998 1263 dcl
1018 1209 1109 1264 Gesso
1119 1212 1278 1279 praestaro
1295 1205 1493 1263 debeat-De
1505 1206 1587 1260 inni·

408 1300 511 1355 tundis
529 1299 749 1371 discipulorum
768 1299 947 1370 parentibus
967 1297 1096 1369 aliisquo
1109 1301 1142 1351 ut
1157 1314 1216 1364 eos,
1229 1298 1380 1351 orationes
1397 1300 1426 1351 et
1442 1294 1588 1350 comino

410 1390 580 1453 recitantes,
594 1389 777 1444 audiant-
786 1388 831 1443 De
852 1388 1072 1445 Valerio-Dc
1084 1387 1200 1441 casibus
1212 1388 1384 1441 reservatis.

425 1518 496 1581 Pax
513 1513 569 1581 Χ.ἰ

424 1629 634 1698 Charissimo
651 1630 761 1697 Padre
778 1628 812 1694 in
825 1631 908 1717 Jesu
925 1627 989 1696 X.⁰
1269 1701 1273 1707 ,

423 1747 500 1811 Non
514 1748 559 1810 ho
572 1744 676 1831 prima
690 1745 776 1811 fatto
789 1744 934 1829 risposta
946 1767 967 1809 a
979 1744 1091 1829 quelle
1102 1744 1146 1811 de
1160 1744 1246 1828 3ch
1261 1757 1408 1829 passato,
1421 1744 1466 1811 de
1478 1745 1524 1810 V.
1541 1746 1584 1811 R.

356 1862 400 1927 Et
422 1860 512 1927 circa
532 1862 563 1927 le
584 1881 663 1926 cose
684 1862 748 1925 che
769 1859 880 1925 scriue
900 1859 981 1926 delli
1005 1858 1140 1939 fratelli,
1161 1859 1197 1925 in
1221 1868 1316 1945 parte
1339 1862 1438 1944 potra
1461 1880 1524 1945 per
1546 1880 1587 1927 se

355 1976 478 2043 istesso
505 1975 688 2061 aggiutarli
717 1976 761 2041 V.
792 1977 848 2053 R„
871 1974 905 2039 in
928 1986 1024 2061 parte
1043 1975 1099 2040 col
1115 1976 1225 2041 Padre
1246 1974 1479 2041 commissario
1499 1975 1526 2055 ’ς
1548 1984 1587 2039 et

355 2090 427 2158 cosi
445 2113 512 2156 non
531 2092 604 2156 diro
620 2092 707 2157 altro
723 2090 757 2155 di
774 2103 893 2175 questa
910 2090 1066 2158 materia.

422 2207 525 2273 Circa
546 2207 659 2290 quello
679 2209 742 2273 che
763 2206 925 2273 scriuono
945 2206 1057 2273 alcum
1076 2206 1157 2272 delli
1178 2207 1300 2273 fratelli
1322 2208 1367 2273 de
1387 2208 1431 2275 V.
1455 2209 1514 2283 R..
1540 2208 1588 2272 ho

357 2324 442 2389 fatto
466 2324 518 2388 far
539 2343 584 2387 un
602 2322 750 2405 sumario
767 2324 799 2388 31
816 2323 947 2389 fratello
958 2325 1046 2411 Joan
1060 2322 1170 2409 Filipo
1186 2322 1268 2392 Uito
1284 2321 1318 2410 (il
1334 2325 1435 2407 quale
1450 2345 1513 2408 per
1527 2345 1586 2389 or-

354 2436 435 2505 dine
450 2439 493 2505 de
511 2440 554 2503 N.
576 2442 614 2504 P.
635 2440 722 2505 uode
742 2448 777 2505 et
798 2440 830 2505 fa
852 2438 1014 2505 relatione
1030 2461 1051 2505 3
1067 2440 1103 2507 S.
1132 2440 1172 2505 R.
1197 2436 1232 2504 d'
1255 2438 1338 2523 ogni
1361 2439 1466 2523 cosa),
1493 2449 1529 2507 et
1551 2440 1587 2505 lo

353 2554 478 2619 mando
499 2553 569 2637 qui,
588 2552 682 2620 accio
698 2553 836 2619 intendo
853 2556 968 2637 quello
984 2557 1049 2622 che
1063 2574 1129 2619 con
1145 2556 1249 2620 molta
1264 2553 1397 2621 chariti
1414 2566 1449 2622 et
1466 2576 1588 2647 amore

355 2690 456 2735 uerso
472 2671 503 2735 la
522 2671 560 2736 R.
581 2670 625 2736 V.
644 2669 767 2735 dicono
787 2670 901 2735 alcuni
921 2670 1001 2737 delli
1017 2670 1106 2751 suoi3
1124 2682 1159 2738 et
1179 2670 1305 2737 doueri
1326 2672 1496 2765 accetaflo
1517 2692 1585 2736 con

355 2784 490 2871 piacere
511 2796 546 2850 et
566 2784 810 2863 satisfactione,
834 2786 914 2869 qual
933 2786 1022 2852 deuo
1041 2788 1148 2853 hausr
1169 2808 1214 2853 un
1236 2808 1337 2853 seruo
1357 2788 1401 2852 dc
1417 2785 1496 2867 X.⁰,
1515 2788 1586 2855 che

354 2901 377 2965 li
390 2900 465 2966 suoi
480 2901 547 2967 13111
561 2901 583 2965 li
600 2900 695 2966 siano
707 2901 897 2967 dimostrati
909 2899 1004 2967 accii)
1014 2902 1041 2986 ‘l’
1058 2901 1207 2969 emendi.
1225 2903 1269 2969 Et
1284 2923 1323 2969 se
1337 2884 1486 2987 qualche
1500 2923 1585 2971 cosa

354 3017 480 3083 uederit
505 3018 548 3081 da
569 3027 662 3083 certo
683 3038 751 3083 non
767 3036 860 3082 esser
877 3038 971 3092 uera,
990 3020 1141 3083 anchora
1157 3017 1254 3101 potri
1271 3016 1294 3082 l'
1310 3016 1406 3084 auiso
1421 3016 1554 3085 servire
1569 3030 1586 3062 ⁸

278 3127 284 3139 “
354 3132 398 3198 dc
413 3132 559 3199 cautella
575 3153 635 3217 per
652 3130 831 3217 guardarsi
843 3128 877 3196 di
891 3132 1016 3215 quello,
1030 3133 1097 3200 che
1112 3132 1157 3198 dir
1173 3134 1219 3201 tal
1233 3132 1346 3219 specie
1362 3156 1383 3200 o
1403 3135 1585 3203 ocassiono

339 3234 397 3313 ‘dc
414 3268 537 3333 pensat
554 3249 600 3313 tal
617 3270 709 3314 cosa.

420 3364 560 3447 Quanto
584 3364 649 3429 3113
672 3362 934 3431 conuersatione
956 3362 992 3429 in
1015 3385 1095 3431 casa
1117 3364 1205 3431 della
1228 3364 1367 3451 signora
1390 3367 1529 3433 Fattora
1556 3368 1583 3446 ⁸,

354 3488 476 3563 questo
491 3488 588 3544 sonte
604 3478 647 3543 N.
666 3479 723 3543 P.:
742 3478 808 3543 che
828 3478 937 3545 adue
956 3498 1036 3546 cose
1055 3478 1202 3546 debiano
1217 3481 1400 3545 ‘attendere
1420 3480 1468 3566 gli
1489 3480 1585 3548 serui

353 3594 397 3661 de
422 3592 500 3671 Dio,
518 3593 584 3660 3113
600 3591 821 3672 conscientia,
847 3603 881 3658 et
904 3594 971 3660 3113
990 3593 1149 3679 opinione
1169 3616 1230 3680 per
1246 3596 1359 3681 quello
1374 3597 1509 3662 dcucno
1526 3599 1585 3664 all’

352 3708 568 3775 edificatione
584 3708 664 3776 dell'
681 3708 765 3773 altri.
785 3710 925 3793 Quanto
941 3710 1006 3776 3113
1022 3709 1141 3795 prima,
1159 3712 1204 3778 N.
1226 3714 1265 3779 P.
1285 3715 1330 3779 ha
1345 3712 1429 3799 ogni
1451 3714 1583 3781 sicurtt

353 3824 408 3891 dcl
432 3823 559 3904 buon0,
586 3843 670 3909 puro
693 3834 728 3889 et
751 3822 885 3891 sincero
905 3824 1030 3904 animo,
1048 3836 1146 3891 tanto
1162 3826 1206 3892 dc
1222 3828 1325 3894 V.·R.
1346 3843 1477 3914 quanto
1492 3830 1585 3899 della

407 4043 421 4071 ι
459 4028 620 4099 Perspicue
634 4029 696 4101 legi
710 4046 767 4082 nou
782 4031 890 4099 potest.
918 4029 1042 4084 Videtur
1059 4030 1221 4102 legendum
1233 4050 1295 4089 csso
1306 4035 1442 4090 scriuese
1459 4038 1508 4092 oei
1524 4055 1585 4094 ser·

354 4132 449 4172 utese.

409 4297 415 4326 ¹
457 4296 498 4349 Ex
512 4294 614 4352 codice
631 4296 747 4370 Regcst.
765 4296 787 4363 1,
801 4295 853 4355 iol.
871 4310 923 4365 19v
936 4307 968 4352 et
981 4312 1039 4358 zor.
1055 4300 1160 4356 Exstat
1173 4300 1237 4372 ejus
1250 4301 1446 4376 fragmentum
1461 4304 1491 4360 in
1504 4304 1580 4363 coo.

355 4383 473 4443 Monac.
491 4386 531 4447 11,
546 4384 596 4442 101.
611 4383 652 4444 3τ.

405 4477 417 4509 ¹
455 4474 584 4545 Joannes
598 4474 662 4530 Bta.
676 4474 772 4531 Viola.

407 4563 419 4597 ⁸
457 4563 547 4618 Maris
560 4562 607 4618 del
622 4564 729 4635 Gesso,
742 4582 818 4637 quae
832 4582 869 4620 ex
884 4584 1016 4637 munere,
1029 4586 1088 4640 quo
1102 4568 1146 4623 vir
1159 4569 1224 4641 ejus
1234 4570 1414 4627 untrancus
1426 4572 1475 4631 del
1488 4574 1586 4633 Gesso

354 4650 432 4723 apud
446 4652 595 4708 Ferrarius
609 4651 771 4725 principem
784 4653 974 4725 fungebatur,
989 4657 1143 4715 «Fattoran
1155 4658 1242 4715 solita
1255 4668 1302 4716 est
1313 4662 1463 4734 appellari.
