3567 5409
1409 35 1749 162 πη·

450 438 505 509 690
832 441 1039 496 Monuuuum
1060 441 1240 496 Iomnium

416 611 473 658 mo
489 590 563 658 sani
580 591 669 659 nella
685 613 765 659 casa
781 603 816 660 et
832 592 980 680 collegio
995 601 1032 658 et
1047 591 1080 659 ci
1096 591 1393 660 raceomandiamo
1416 593 1479 660 alle
1495 591 1630 660 orationi

414 707 450 774 di
466 707 511 775 V.
531 709 573 774 R.

482 823 541 894 Sia
553 826 636 913 Jesu
653 825 718 890 Χ.ο
735 845 802 890 con
815 821 908 890 tutti.
1004 807 1008 812 ⁴

480 939 525 1007 Di
544 942 652 1007 Roma
672 959 707 1007 11
727 941 770 1008 de
786 940 982 1008 Novembre
1002 954 1099 1025 1553.

480 1057 680 1143 Imcriptio.
699 1056 852 1138 Padoua,
869 1078 889 1123 a
906 1057 1042 1126 Tabon.

481 1170 762 1240 Padum-Circa
779 1171 931 1252 Andron,
949 1171 974 1238 il
990 1171 1120 1259 gobbo,
1137 1172 1322 1241 habbiamo
1338 1175 1472 1260 perlato
1487 1197 1505 1241 a
1518 1176 1552 1242 N.
1568 1175 1628 1256 R,

410 1297 445 1357 et
464 1286 569 1375 pareli
585 1286 691 1354 senia
707 1289 797 1356 bene
813 1286 922 1373 prima
938 1309 1084 1374 prouare
1099 1286 1125 1354 li
1140 1287 1282 1357 remedii
1296 1288 1332 1355 di
1347 1291 1392 1371 lu,
1407 1290 1464 1359 del
1481 1292 1592 1377 hagno,
1603 1311 1629 1356 o

409 1403 486 1470 altri
504 1406 568 1470 che
580 1402 725 1470 diranno
741 1403 764 1468 li
781 1402 917 1484 medici,
937 1413 973 1470 et
988 1404 1126 1490 quando
1143 1425 1212 1470 non
1227 1405 1385 1488 bastassi,
1404 1416 1440 1474 et
1455 1405 1623 1492 reputassi-

409 1542 455 1587 no
472 1522 537 1588 che
553 1541 658 1606 paese
673 1518 732 1606 piu
748 1501 848 1587 caldo
862 1517 888 1584 li
904 1517 1174 1599 conuenirebbe,
1191 1541 1292 1587 como
1306 1523 1452 1591 sarebbe
1467 1520 1624 1603 Sicilia,ei

409 1635 513 1703 diano
530 1634 638 1716 auism
652 1635 780 1722 perche
792 1635 978 1704 uederemo
989 1635 1023 1702 la
1033 1633 1257 1723 dispositione
1269 1638 1336 1704 che
1351 1639 1382 1703 c'
1398 1635 1465 1704 edi
1476 1635 1629 1704 acettarlo

407 1751 443 1819 in
460 1753 532 1818 'vno
549 1752 583 1818 di
598 1750 702 1837 quelli
720 1750 874 1840 collegii.

976 1924 1082 2006 39⁰5

603 2067 744 2134 enim
768 2066 971 2134 cnnsnm
995 2065 1179 2134 nmmo
1203 2067 1266 2133 Ex
1288 2065 1443 2134 conii.

789 2203 877 2247 noni
901 2203 930 2246 11
951 2201 1135 2248 novmms
1156 2188 1225 2260 1553
1245 2188 1265 2249 ¹.

404 2309 450 2365 De
469 2311 598 2382 quodam
618 2309 739 2382 Joaime
761 2276 1056 2380 neapolitano-'De
1079 2305 1241 2362 Thaddaoo
1265 2304 1479 2362 senensi-De
1503 2305 1629 2361 Henrioo

458 2398 640 2453 Sommulio.
655 2398 729 2452 -De
741 2397 865 2452 tectione
875 2395 1082 2470 logicen-De
1091 2396 1230 2451 Arnoldo
1239 2393 1393 2468 etJoanne
1402 2393 1623 2454 Antonio-Iic-

457 2505 528 2542 rum
541 2489 577 2544 de
590 2488 734 2542 Henrico:
748 2505 790 2542 un
803 2487 835 2541 in
848 2488 1000 2558 patriam,
1010 2486 1198 2541 valetudinis
1208 2501 1310 2548 causa,
1324 2487 1524 2541 remittendus
1532 2485 1577 2544 sit.

981 2607 1055 2744 Jiis.

473 2783 546 2849 Pax
563 2781 620 2852 Χ.ἰ

471 2898 706 2966 Riceuessimo
723 2899 836 2984 quelle
851 2899 895 2965 de
912 2899 954 2964 V.
975 2901 1016 2965 R.
1034 2900 1078 2964 de
1094 2917 1116 2980 4
1131 2898 1187 2966 del
1200 2908 1371 2984 presente.
1385 2897 1432 2963 Et
1446 2897 1538 2964 circa
1552 2899 1622 2985 Joa-

402 3034 448 3080 ne
469 3012 679 3100 napolitan0‚
708 3014 887 3094 maridato,
917 3035 997 3101 pare
1023 3037 1042 3081 a
1068 3015 1116 3080 N.
1147 3014 1183 3081 Ρ.
1210 3015 1275 3080 che
1295 3012 1331 3080 in
1357 3022 1463 3078 conto
1484 3033 1629 3081 nessuno

402 3133 431 3196 s'
446 3129 570 3216 impazi
586 3131 630 3196 V.
651 3133 687 3196 R.
707 3131 847 3211 conlui,
866 3131 909 3197 ne
926 3132 959 3197 lo
974 3128 1058 3197 lasci
1075 3130 1243 3216 praticare
1258 3128 1292 3194 in
1310 3149 1392 3194 casa
1407 3151 1429 3193 o
1445 3149 1513 3195 con
1527 3127 1552 3192 li
1570 3148 1623 3194 no·

402 3245 476 3312 stri.
501 3247 545 3312 Et
566 3259 696 3330 quanto
717 3247 747 3312 al
770 3244 989 3312 matrimonio
1013 3268 1078 3312 suo
1099 3245 1279 3312 dubitamo
1295 3245 1362 3312 che
1381 3265 1451 3309 non
1472 3242 1523 3310 sia
1538 3264 1623 3321 vero,

401 3362 526 3448 perche
543 3362 591 3429 lui
607 3363 627 3430 ὲ
642 3362 798 3443 schiau03
817 3373 852 3432 et
868 3363 1002 3430 benche
1018 3360 1042 3428 il
1059 3362 1211 3448 padrone
1227 3382 1291 3427 suo
1306 3359 1330 3425 li
1346 3361 1438 3426 dono
1454 3357 1576 3428 liberti
1596 3359 1625 3424 iu

400 3491 495 3545 tanto
511 3481 576 3545 che
593 3477 675 3544 fossi
691 3478 725 3543 in
743 3491 860 3546 nostra
876 3477 1104 3564 Compagnia,
1126 3499 1199 3542 non
1220 3476 1325 3563 gliela
1345 3477 1439 3544 dette
1455 3477 1624 3543 absoluta·

398 3606 526 3676 mente3
545 3593 579 3660 di
596 3595 697 3661 modo
714 3597 790 3674 che,
809 3595 837 3661 si
854 3616 924 3662 non
940 3595 987 3659 ha
1002 3596 1134 3660 hauuto
1150 3615 1210 3678 per
1226 3594 1313 3659 altra
1328 3591 1384 3657 via
1400 3589 1537 3668 liberti,
1554 3593 1625 3657 etia

397 3709 527 3798 moglie
554 3731 616 3777 sua
638 3731 790 3796 pensaua
812 3708 982 3775 maritarsi
1003 3729 1067 3776 con
1092 3710 1220 3774 huomo
1240 3708 1348 3774 libero
1371 3705 1394 3770 il
1416 3706 1627 3773 matrimonio

398 3847 467 3892 non
481 3827 500 3892 ἐ
516 3825 644 3892 valido.
665 3827 708 3891 Et
725 3826 863 3912 quando
879 3845 949 3891 non
966 3825 1048 3891 sossi
1066 3826 1113 3890 tal
1128 3823 1388 3910 impedimento,
1406 3823 1431 3890 il
1446 3837 1530 3890 voto
1544 3825 1626 3892 della

395 3937 576 4027 relligione
596 3939 620 4005 l’
647 3939 833 4025 impedisce
853 3941 874 4005 l’
900 3940 1083 4033 exactione
1098 3941 1154 4008 del
1170 3939 1299 4019 debito
1317 3951 1547 4026 quantunque
1561 3962 1624 4007 non

395 4054 558 4123 diuidessi
571 4054 595 4120 il
611 4054 828 4122 matrimonio
844 4054 902 4142 gin
918 4067 1109 4122 contracto
1126 4058 1193 4123 Per
1208 4066 1332 4140 questo
1348 4056 1512 4142 adunque
1522 4068 1559 4123 et
1571 4077 1627 4143 per

395 4171 428 4236 la
450 4171 537 4237 maia
559 4169 776 4237 edificatione
796 4172 864 4238 che
884 4172 1050 4256 potrebbe
1071 4170 1259 4257 segniore,
1287 4170 1445 4238 vedendo
1471 4170 1628 4238 maritam

393 4305 463 4352 vno
487 4288 552 4352 che
571 4285 627 4372 gio
652 4307 711 4352 era
736 4285 922 4372 relligioso,
949 4308 1018 4352 non
1044 4285 1214 4355 conuiene
1235 4285 1446 4371 prattiearlo,
1471 4291 1561 4353 com'
1584 4290 1632 4354 ho

394 4403 503 4482 detto,
526 4401 675 4468 maxime
693 4401 729 4467 in
751 4401 959 4470 confessioni
980 4423 1001 4467 0
1021 4401 1056 4467 in
1077 4400 1331 4470 conuersationi
1348 4403 1403 4481 nel
1421 4402 1571 4489 collegio
1588 4406 1629 4474 de

394 4516 543 4585 Venetia
560 4527 691 4583 nostro

395 4637 594 4650 ——---—-

447 4685 456 4719 ¹
495 4686 538 4740 Ex
548 4683 650 4778 codice
665 4687 783 4758 Regest.
799 4687 825 4754 I,
838 4685 888 4744 fol.
903 4685 938 4757 53
951 4696 983 4742 et
994 4704 1053 4759 541.
1065 4687 1099 4743 P.
1110 4687 1229 4744 Polanci
1244 4705 1341 4745 manu.
