3567 5409
502 525 606 585 Eam.
625 523 780 584 soen-23
797 527 944 584 Aucusrr
964 524 1033 595 ¹55³
1294 522 1349 595 ³9³

226 682 317 767 Mag.
335 678 542 747 Franciscus
558 680 570 713 ³
586 688 623 747 et
639 681 733 766 Mag.
747 681 924 767 johannes
940 680 952 713 ⁴
970 680 1087 748 ualent
1101 679 1137 747 in
1157 690 1302 765 utroque
1318 682 1384 749 ho·

169 794 262 864 rnine.
279 796 456 864 Laudetur
471 794 653 884 Dominus.
776 870 781 876 ⁴

228 912 331 997 Quod
346 910 514 998 scripturn
530 920 584 980 est
601 922 639 978 ut
651 910 885 999 prouectiores
901 910 935 979 in
951 912 1107 981 doctriua
1123 923 1157 981 et
1172 911 1384 1000 probatiores

167 1027 198 1093 in
213 1028 363 1095 moribus
376 1030 446 1095 huc
465 1027 696 1109 mitterentur,
713 1029 780 1094 hoc
800 1030 905 1095 modo
925 1028 969 1095 de
988 1026 1145 1098 doctrina
1161 1028 1327 1116 intellige,
1346 1042 1385 1101 ut

166 1154 252 1212 certe
265 1142 481 1231 grammatici
497 1142 567 1211 sint
582 1154 618 1211 et
634 1142 761 1224 idonei,
779 1154 830 1224 ut,
849 1143 990 1230 quaein
1006 1166 1165 1233 suprema
1180 1146 1290 1214 classe
1305 1144 1384 1218 lite-

167 1286 271 1330 rarum
298 1264 543 1331 humaniorum
570 1264 749 1349 leguntur,
769 1261 890 1333 audire
917 1262 1060 1347 possint.
1084 1260 1327 1343 Nihilominus,
1354 1264 1384 1333 si

168 1400 246 1463 quos
259 1380 394 1447 uideret
410 1379 454 1447 V.
472 1381 516 1450 R.
532 1401 609 1447 esse
624 1378 748 1447 indolis
768 1380 978 1465 praeclarae,
994 1390 1030 1447 et
1049 1378 1085 1445 in
1106 1378 1232 1465 quibus
1253 1379 1383 1466 sperari

166 1495 281 1562 merito
297 1495 407 1583 possit
420 1498 513 1583 quod
528 1494 565 1563 in
581 1494 676 1564 uiros
691 1506 851 1565 strenuos
865 1495 1028 1579 euadent,
1046 1507 1080 1563 et
1096 1495 1141 1563 ad
1160 1494 1308 1563 instituti
1325 1517 1385 1563 no-

167 1610 223 1677 stri
242 1610 407 1691 tationem
430 1612 543 1695 utiles,
560 1611 760 1699 praesertim
780 1612 810 1679 si
837 1610 1026 1698 periculum
1051 1609 1119 1679 illis
1146 1610 1339 1681 immineret
1364 1633 1386 1681 a

167 1726 233 1795 suis
247 1728 458 1814 parentibus,
476 1750 548 1796 non
562 1730 746 1829 obseruata
764 1730 831 1795 bac
849 1728 1043 1795 studiorum
1059 1748 1232 1807 mensura,
1250 1725 1386 1797 mittere

167 1843 295 1929 poterit.
313 1846 358 1911 Et
377 1846 515 1912 demum
537 1842 664 1911 iudicio
683 1843 795 1913 Rtiae.
818 1845 863 1911 V.
885 1842 992 1910 iibere
1012 1841 1214 1929 relinquitur
1231 1853 1281 1923 ut,
1299 1862 1393 1927 quos·

169 1958 331 2027 uidebitur
346 1960 384 2029 in
399 1960 561 2042 Domino,
578 1961 704 2041 mittat,
721 1971 757 2028 et
772 1980 894 2028 ornnes
909 1958 1054 2028 libenter
1070 1957 1304 2027 admittentur.

227 2076 412 2143 Postremis
426 2076 535 2147 literis
546 2077 678 2164 scripsi,
693 2087 732 2143 ut
748 2078 792 2145 V.
807 2078 849 2144 R.
868 2086 1006 2145 curaret
1021 2072 1036 2117 ἃ
1051 2074 1184 2161 aliquos
1201 2094 1387 2160 germanos

169 2194 304 2261 iuuenes
315 2195 361 2261 ad
372 2192 556 2281 collessgium
568 2194 805 2280 germanicum
819 2190 1015 2273 transmitti,
1029 2190 1102 2277 qui,
1116 2212 1185 2276 quo
1195 2188 1386 2277 prouectio·
1433 2276 1440 2289 .

170 2331 219 2376 res
232 2321 332 2377 erunt
347 2308 384 2377 in
398 2308 518 2390 literis,
533 2330 576 2379 eo
591 2310 754 2378 libentius
766 2308 1001 2378 admittentur.
1016 2305 1245 2376 Nihilominus
1257 2317 1384 2388 tamen,

169 2424 195 2491 si
210 2424 347 2519 ingenio
362 2426 454 2493 bono
470 2436 506 2495 et
521 2426 637 2493 indole
656 2428 700 2493 ad
721 2424 884 2494 uirtutem
905 2423 1049 2511 praediti
1069 2422 1209 2503 suerint,
1227 2420 1306 2489 licet
1321 2422 1382 2488 mi-

167 2564 227 2608 nus
241 2542 408 2629 prouecti,
425 2540 515 2608 mitti
531 2542 687 2629 possunt;
705 2543 750 2609 de
769 2541 811 2608 iis
830 2541 964 2627 loquor,
982 2540 1042 2626 qui
1061 2538 1213 2627 linguam
1234 2536 1394 2625 superio·

166 2656 427 2726 risGermaniae
443 2668 574 2727 tenent.
1392 2678 1396 2689 ⁴

226 2771 263 2841 Si
280 2776 371 2841 forte
391 2775 437 2843 V.
455 2775 497 2841 R.
521 2772 689 2843 intellexit
711 2773 755 2842 de
776 2771 977 2861 episcopatu
999 2768 1190 2853 viennensi,
1207 2790 1310 2855 quern
1327 2790 1387 2839 rex

168 2912 377 2957 romanorum
393 2903 429 2959 et
440 2889 589 2957 nuncius
600 2888 808 2976 apostolicus
820 2887 954 2956 admitti
966 2888 1220 2955 contendebant
1233 2908 1253 2953 a
1266 2886 1306 2953 P.
1320 2886 1387 2953 Ca·

167 3004 259 3086 nisio,
275 3018 312 3073 et
332 3006 446 3072 timuit
465 3026 510 3073 ne
536 3005 572 3071 id
590 3027 611 3072 a
630 3026 766 3072 summo
793 3003 955 3092 pontifice
975 3002 1182 3083 obtinerent,
1208 3000 1274 3067 iam
1296 3002 1388 3068 bono

166 3121 271 3188 animo
286 3106 515 3209 esse'poterit,
534 3143 612 3189 nam
633 3119 719 3187 itum
739 3131 793 3187 est
811 3119 963 3202 obuiam,
981 3130 1017 3185 et
1037 3128 1193 3185 curatum
1213 3126 1250 3185 ut
1271 3126 1388 3187 nostra

167 3236 199 3302 in
212 3237 450 3306 summissione
464 3239 542 3306 Deo
557 3236 725 3306 inseruire
743 3236 899 3303 sinamur
914 3238 940 3302 ⁸.
1125 3224 1127 3231 ¹

227 3354 311 3421 Vale
323 3353 358 3419 in
370 3352 510 3419 domino
515 3355 601 3443 Jesu
613 3353 764 3437 Christo,
776 3362 811 3420 et
823 3373 887 3420 nos
900 3350 969 3419 tuis
981 3350 1193 3419 orationibus
1204 3352 1280 3417 Deo
1291 3370 1395 3415 com-·

167 3469 294 3537 menda.

227 3587 353 3654 Romae
374 3605 415 3654 10
429 3585 591 3654 calendas
605 3583 817 3673 Septembris
836 3600 921 3669 1553
937 3596 962 3651 θ.

159 3787 161 3794 Ι
226 3702 423 3788 Inscriptio.
439 3700 590 3769 Domino
606 3702 798 3781 Leonardo,
816 3700 995 3769 Coloniae.

225 3819 386 3886 Mandate
402 3816 458 3883 alli
476 3834 518 3884 22
535 3818 571 3883 d'
589 3820 736 3903 Agosto.

665 3970 881 3980 ———-.

226 4053 264 4122 Si
279 4053 481 4134 mandorno,
499 4074 520 4119 a
536 4072 576 4120 21
594 4053 629 4119 di
647 4054 782 4138 Agosto
798 4062 833 4119 et
849 4070 905 4131 22,
923 4052 1045 4121 lettere
1061 4072 1121 4137 per
1136 4052 1291 4137 Spagna.

213 4274 228 4314 d
262 4272 395 4327 mitteret
408 4288 462 4329 ms.
502 4285 551 4313 ..a
570 4268 715 4339 Sequitur
732 4268 1014 4350 «Post-scriplum»,
1034 4267 1115 4337 quod
1130 4264 1237 4321 abillo
1254 4252 1394 4338 superioss
1472 4302 1475 4311 ·

165 4356 582 4433 roepoiomnnoaaffm.

165 4485 370 4495 ———-—

213 4550 225 4583 ⁵
258 4550 433 4607 Franciscus
446 4549 599 4607 Costerus.
1004 4543 1015 4575 ⁴
1051 4546 1180 4615 Joannes
1193 4540 1312 4598 Retius.

214 4641 226 4674 ⁸
260 4638 337 4695 Vide
348 4638 503 4712 epistolam
515 4638 708 4711 superiorem.
