3567 5409
475 427 530 487 510
854 418 1062 475 Mortuum
1080 412 1259 476 Ionamua

473 569 672 638 Theodoro
688 579 699 611 ⁸
715 571 747 639 ci
768 571 877 639 faccia
892 568 996 639 conto
1012 575 1141 643 restari
1156 570 1193 640 in
1208 572 1344 659 Napoli‚
1362 594 1401 643 se
1411 574 1455 643 de
1467 573 1579 643 Sicilia
1591 596 1649 641 uon

442 684 634 756 mandisino
658 686 730 777 [sic]
751 689 911 756 Gerardo
927 689 952 771 ⁸,
965 687 990 755 il
1005 690 1071 759 che
1092 710 1200 777 penso
1214 710 1283 757 non
1306 690 1425 757 sarano
1444 709 1507 777 per
1525 690 1647 759 adesso.

486 822 488 833 ·
507 800 535 869 11
550 804 612 870 Dr.
632 801 746 872 Olaue
769 802 789 871 ὲ
805 810 976 871 tornatos
1002 805 1125 886 Roma3
1142 814 1179 873 et
1194 827 1264 874 non
1283 805 1429 875 essendo
1445 815 1539 873 tanta
1558 804 1646 874 fretta

437 919 480 986 de
497 918 660 987 mandare
675 916 710 984 in
727 918 893 1005 Augubio
908 940 930 986 a
944 920 1124 989 Leonardo
1136 922 1162 1002 ⁸,
1176 920 1315 1007 quando
1325 942 1396 989 non
1407 918 1490 989 sossi
1508 920 1647 1007 partito·

437 1035 470 1101 al
498 1033 652 1123 [ar]riuar
678 1034 712 1100 di
739 1044 871 1120 queste,
900 1034 1036 1122 puotria
1054 1046 1205 1123 aspettar
1224 1035 1328 1123 quelli
1342 1037 1388 1105 de
1408 1035 1536 1116 Sicilia,
1553 1047 1587 1104 et
1602 1058 1646 1105 sa-

436 1150 542 1219 rebbe
558 1172 578 1218 a
595 1162 721 1238 tempo.

501 1266 555 1333 De
571 1263 747 1333 Giouanni
758 1266 813 1333 del
827 1268 982 1334 Mercato
993 1268 1006 1302 ⁶
1019 1266 1123 1337 credo
1133 1267 1201 1335 che
1212 1269 1257 1335 V.
1273 1266 1315 1333 R.
1332 1287 1371 1333 sa
1381 1267 1414 1333 la
1428 1287 1493 1334 sua
1504 1266 1645 1348 historia,

434 1392 470 1451 et
499 1402 559 1469 per
574 1380 629 1451 cio
656 1402 726 1448 non
745 1382 778 1450 la
798 1380 873 1450 diro
894 1379 940 1449 io.
963 1364 993 1451 E
1015 1381 1174 1451 sbandito
1188 1380 1223 1448 di
1239 1384 1349 1450 Roma
1363 1394 1642 1470 perpetuamente.

434 1496 504 1565 Dio
521 1497 544 1565 li
562 1496 669 1566 faccia
684 1498 772 1566 bene
785 1508 822 1565 et
837 1495 860 1565 li
877 1497 934 1567 dia
949 1499 1060 1585 gratia
1074 1498 1119 1569 de
1134 1498 1251 1567 viuere
1266 1498 1303 1566 in
1324 1520 1389 1567 suo
1405 1511 1504 1567 santo
1517 1498 1647 1567 seruitio

436 1612 565 1701 meglio
582 1615 637 1680 eh'
661 1616 706 1681 ha
723 1615 808 1681 fatto
822 1614 870 1681 fin
886 1635 969 1700 qua.

500 1729 600 1797 Circa
616 1729 641 1796 il
656 1729 797 1817 negotio
813 1729 868 1799 del
884 1730 1034 1817 collegio
1049 1730 1094 1797 V.
1112 1732 1156 1800 R.
1172 1730 1217 1797 de
1231 1750 1334 1797 mano
1348 1730 1385 1797 in
1406 1750 1510 1799 mano
1523 1729 1643 1799 auisari

431 1844 466 1911 di
479 1845 593 1931 quello
608 1844 637 1913 si
654 1845 699 1928 fa;
714 1854 748 1911 et
760 1864 799 1913 se
813 1844 843 1913 si
858 1843 873 1887 ¹²
889 1845 1003 1914 scriue
1017 1846 1050 1913 al
1066 1844 1253 1933 imperator
1270 1848 1281 1881 ²
1297 1866 1364 1915 con
1383 1847 1464 1932 quel
1479 1845 1571 1915 caldo
1583 1848 1643 1915 che

433 1982 495 2029 usa
510 1958 595 2029 farlo
608 1960 631 2026 il
646 1960 765 2049 signor
779 1961 917 2030 Giouan
933 1962 979 2030 de
993 1962 1105 2049 Vega,
1122 1981 1222 2029 come
1236 1962 1282 2029 ha
1296 1982 1461 2030 concesso
1484 1961 1641 2048 l'irnpera·

432 2088 497 2159 tor,
512 2098 615 2146 sanza
627 2078 650 2143 l’
664 2076 800 2145 abbatia
812 2078 855 2145 de
867 2078 1038 2160 Palermo,
1059 2081 1117 2144 un'
1131 2079 1218 2147 altra
1233 2100 1292 2166 per
1309 2076 1473 2158 Massiua,
1487 2078 1641 2146 concede·

433 2194 470 2261 ri
488 2192 590 2261 etiam
607 2195 721 2279 quello
733 2192 756 2260 li
773 2196 849 2261 sarai
864 2192 1062 2261 dimandato
1078 2216 1140 2281 per
1151 2193 1289 2281 Napoli.
1664 2194 1668 2202 ’

497 2308 613 2396 Quelli
628 2309 684 2377 doi
700 2309 852 2397 gloueni,
871 2309 992 2377 uenuti
1006 2308 1042 2376 di
1062 2310 1198 2397 Napoli,
1221 2332 1291 2378 non
1308 2312 1469 2379 hebbeno
1490 2307 1638 2387 stabiliti,

429 2436 465 2493 et
481 2424 553 2494 cosi
568 2424 591 2490 l'
607 2428 628 2493 ὸ
642 2434 747 2493 statta
762 2426 857 2492 datta
872 2424 1021 2511 licentia3
1036 2424 1084 2492 dil
1096 2426 1160 2493 che
1172 2424 1269 2494 auiso
1280 2426 1346 2494 alla
1358 2427 1399 2496 R.
1415 2426 1460 2494 V.
1474 2424 1576 2506 accio,
1591 2425 1641 2491 sie

431 2539 667 2609 dimandasino
683 2541 714 2608 la
730 2561 823 2609 esser
839 2539 998 2623 riceuuti‚
1016 2562 1085 2608 non
1102 2540 1131 2609 si
1146 2538 1162 2581 ‘¹
1176 2539 1330 2609 riceuino
1345 2563 1450 2609 sanza
1464 2541 1526 2609 dar
1545 2538 1639 2626 prima

364 2656 367 2667 ⁴
431 2654 570 2724 hauiso.

496 2774 575 2840 Non
591 2772 690 2853 altro,
708 2792 746 2841 se
762 2792 831 2839 non
847 2774 913 2840 che
929 2771 1011 2839 tutti
1027 2771 1150 2841 stiamo
1164 2772 1239 2841 sani
1256 2783 1291 2839 et
1307 2771 1339 2840 ci
1358 2772 1640 2839 raccomandiamo

431 2886 486 2956 all'
499 2887 644 2956 orationi
659 2898 695 2956 et
710 2887 866 2957 sacrificii
882 2888 926 2956 de
942 2890 988 2958 V.
1007 2890 1048 2956 R.
1066 2902 1103 2957 et
1117 2888 1174 2957 del
1190 2891 1230 2957 P.
1250 2892 1355 2957 Mtro.
1373 2889 1513 2958 Andrea
1526 2891 1538 2925 ⁸
1551 2886 1638 2954 conli

430 3005 507 3072 altri
522 3004 557 3071 in
573 3004 681 3074 Giesd
698 3006 763 3075 X.⁰
779 3003 969 3074 charissimi
987 3004 1121 3073 fratelli.

462 3102 466 3109 ’
496 3122 550 3188 De
565 3122 673 3187 Roma
691 3138 732 3205 23
749 3120 793 3188 de
809 3120 1003 3189 Settembre
1023 3134 1121 3205 1553.
1189 3190 1195 3201 ‚

495 3238 691 3322 Inscriptio.
711 3238 778 3305 Per
794 3238 892 3303 Mtro.
908 3236 1097 3306 Salmeron.

480 3458 495 3487 ⁸
531 3440 642 3498 Partito
657 3458 711 3499 ms.
749 3441 962 3497 -bsicema
998 3454 1049 3485 -ο
1066 3439 1094 3496 ci
1107 3457 1166 3497 ms.
1206 3443 1258 3484 -d
1275 3439 1304 3496 ci
1317 3458 1371 3500 ms.

417 3637 422 3646 '
481 3630 492 3663 ³
530 3626 702 3685 Theodorus
716 3626 867 3685 Peltanus.

480 3722 491 3754 ⁴
529 3715 680 3775 Gerardus
693 3714 871 3789 LapidanuS.

479 3812 491 3845 ⁸
529 3805 700 3863 Leonardus
714 3806 872 3865 Masserus.

480 3898 493 3931 θ
530 3893 606 3950 Vide
619 3910 716 3965 supra,
732 3894 781 3957 lV,
801 3891 860 3967 153,
878 3905 940 3964 154,
956 3892 1007 3949 163
1019 3902 1050 3949 et
1062 3891 1127 3952 3³6.
1141 3893 1324 3950 Bollandiani
1336 3894 1421 3965 socii,
1435 3895 1509 3951 Acta
1520 3895 1635 3975 ¹Sancto·

428 4003 512 4054 rum,
525 3982 725 4055 mensisJulii‚
739 3991 760 4039 t.
776 3982 842 4053 Vll,
857 3982 888 4039 in
901 3983 970 4039 Vita
983 3982 1039 4041 sti.
1058 3982 1176 4055 Ignatii,
1194 3982 1310 4043 Comm.
1328 4000 1429 4057 praev.
1451 4002 1482 4058 n.
1495 3996 1555 4054 401,
1566 3990 1634 4054 poet·

409 4138 413 4149 Ι
427 4091 514 4149 quam
528 4066 698 4130 retulissent
708 4070 840 4143 judicum
854 4072 1041 4143 sententiam,
1055 4088 1112 4144 qua
1121 4072 1251 4145 Joannes
1260 4072 1298 4128 de
1308 4072 1569 4129 Mercatoadirinis
1577 4086 1632 4143 pet·

426 4173 516 4238 petuo
540 4157 740 4235 suspenditur,
754 4160 949 4235 omnibusque
962 4160 1027 4233 ejus
1044 4159 1198 4217 beneficiis
1214 4169 1245 4218 et
1261 4159 1368 4218 officiis
1384 4162 1517 4235 privatus
1530 4158 1564 4217 ad
1579 4176 1634 4232 per·

425 4264 531 4328 petuos
544 4269 677 4309 carceres
690 4252 914 4323 condemnatur,
926 4252 1001 4307 haec
1014 4250 1136 4307 addunt:
1149 4252 1343 4325 ‹tAcceptatio
1355 4252 1521 4309 sententiae
1536 4258 1564 4306 et
1579 4266 1634 4322 per·

426 4343 551 4401 mutatio
563 4340 689 4399 carceris
702 4340 732 4396 in
745 4350 923 4413 perpetuum
944 4340 1077 4409 exilium,
1100 4340 1246 4398 habentur
1267 4342 1298 4397 in
1320 4340 1394 4397 actis
1413 4332 1491 4415 apud
1512 4338 1631 4397 eumdem

426 4434 601 4491 notarium.»
616 4432 702 4503 Quae
715 4440 863 4503 postrema
873 4430 965 4486 verba
978 4430 1121 4503 epistolae
1132 4439 1251 4487 nostrae
1263 4430 1383 4489 omniuo
1394 4439 1563 4493 consonant·

477 4528 487 4559 1
526 4522 650 4578 Carolus
664 4520 700 4576 V.
788 4576 793 4585 ,
1362 4511 1370 4523 ’

476 4614 488 4648 ⁸
533 4610 666 4667 Andreas
681 4608 826 4676 Oviedus,
839 4608 959 4679 collegii
972 4608 1151 4681 neapolitani
1164 4618 1270 4667 rector.
