3567 5409
463 404 517 462 388
844 406 1053 463 Maroneam
1073 404 1252 462 1111111111

429 560 520 643 11111,
540 561 605 630 nisi
622 561 666 628 V.
685 559 797 627 Rtiac.
814 570 876 627 aut
892 560 936 630 P.
954 561 1136 629 Leonardo
1151 559 1250 627 ‘eius
1266 558 1458 628 constantia
1470 560 1564 646 prius
1579 580 1654 646 pro·

427 676 542 744 banda
556 676 732 746 videretur
748 676 894 745 Louanii
910 677 967 746 vel
978 676 1154 745 Coloniae.

493 796 548 862 De
577 796 672 881 Mag.
703 788 864 861 Cornelio
896 790 1024 861 Cordo.
1041 788 1113 860 hoc
1141 804 1274 859 tantum
1299 792 1425 873 dicam,
1454 792 1547 878 quod
1573 794 1652 861 haec

426 908 573 990 iactura,
591 912 634 978 de
650 930 720 996 qua
740 909 874 989 scribis,
892 910 1039 995 quadam
1060 908 1126 979 Dei
1139 908 1355 997 prouidentia
1369 919 1405 977 et
1416 908 1516 995 justo
1527 907 1653 995 judicio

425 1025 458 1095 ei
474 1026 612 1095 videtur
627 1025 805 1108 accidisse;
824 1027 919 1111 quod
934 1026 1025 1095 enim
1047 1027 1090 1093 ab
1106 1025 1264 1093 instituto
1280 1026 1443 1113 religioso
1459 1027 1554 1093 stab
1576 1026 1652 1095 obe·

423 1142 554 1211 dientia
575 1165 653 1211 eum
676 1142 835 1224 remouit,
858 1141 894 1208 id
914 1142 1120 1211 beneficium
1142 1141 1218 1209 ruit.
1242 1140 1381 1211 Vtinam
1402 1142 1573 1230 intelligat
1591 1160 1653 1208 vo·

424 1257 594 1329 luntatem
610 1257 748 1328 Domini
764 1268 800 1326 et
815 1280 890 1327 eam
908 1256 1108 1365 exequatur!
1133 1255 1224 1327 Satis
1244 1256 1327 1325 mihi
1351 1258 1539 1373 persuadeo
1564 1258 1650 1344 quod

425 1373 473 1440 illi
490 1376 536 1443 V.
555 1376 600 1442 R.
625 1396 694 1441 non
710 1372 844 1443 deerit
835 1396 870 1441 m
887 1374 1000 1441 officio
1019 1372 1209 1455 charitatis
1231 1374 1384 1483 quandiu
1408 1362 1489 1462 spes
1508 1374 1574 1443 erit
1595 1374 1649 1463 [et]

423 1490 469 1555 ad
483 1490 626 1558 meliora
642 1488 759 1558 reduci
775 1488 914 1576 poterit.
932 1488 969 1558 Si
992 1498 1107 1557 tamen
1128 1490 1172 1558 de
1192 1478 1308 1557 nostra
1328 1487 1503 1559 Societate
1522 1488 1650 1577 cogita·

424 1604 526 1688 uerit,
545 1604 640 1691 prius
656 1604 705 1670 illi
721 1605 764 1671 de
785 1604 923 1701 proprio
937 1604 1069 1690 judicio
1089 1604 1322 1673 submittendo
1341 1605 1563 1692 cogitandum
1587 1618 1647 1673 est.

490 1722 610 1789 Frater
627 1730 743 1787 noster
759 1722 853 1807 Mag.
872 1720 1041 1790 Martinus
1057 1718 1201 1789 ‘scribit
1217 1731 1256 1787 ut
1268 1732 1327 1787 tua
1339 1720 1429 1789 Rtia.
1445 1720 1645 1789 iniunxerat.

491 1838 569 1904 Non
585 1836 778 1904 mirandum
794 1847 848 1903 est
863 1836 905 1915 si,
924 1836 1078 1921 quandiu
1093 1838 1182 1905 bella
1199 1838 1346 1919 seruent,
1360 1838 1646 1924 supersedendum

424 1951 582 2023 videatur
597 1975 618 2019 a
634 1953 781 2038 petenda
797 1953 960 2019 facultate
974 1952 1196 2039 collegiorum
1213 1952 1455 2039 erigendorum
1474 1956 1498 2035 '3
1516 1951 1644 2019 interim

425 2066 562 2135 fortasis
578 2066 743 2156 principis
758 2067 1004 2154 Hispaniarum
1016 2067 1134 2136 literae
1146 2069 1190 2133 ad
1202 2089 1263 2135 vos
1277 2067 1469 2138 mittentur.
1485 2066 1646 2135 Dominus

416 2184 619 2253 Gulielmus
635 2184 680 2253 de
695 2182 863 2263 Pictauia,
882 2182 1107 2253 cancellarius
1119 2175 1300 2251 leodiensis
1304 2182 1456 2269 ,aliquid
1467 2181 1644 2271 promissae

421 2320 546 2385 operae
562 2321 646 2367 suae
661 2299 860 2386 praestabit.

488 2418 542 2483 De
560 2416 665 2482 fratre
680 2414 830 2483 doctoris
843 2414 1005 2549 Gaudani
1022 2417 1066 2483 V.
1084 2417 1126 2483 R.
1143 2415 1246 2482 faciat
1263 2416 1355 2501 quod
1367 2370 1541 2541 optimum
1556 2414 1642 2481 iactu

421 2530 562 2599 iudicat.
674 2556 692 2564 ·’

435 2647 541 2714 De
556 2646 774 2715 absolutione
793 2670 814 2715 a
833 2645 1060 2733 suspensione
1081 2656 1116 2715 et
1143 2645 1336 2728 interdicto,
1361 2645 1452 2713 sicut
1478 2646 1579 2715 etiam
1604 2644 1642 2709 ab

417 2760 788 2842 excommunicatione,
807 2782 877 2827 non
892 2762 1034 2827 dubium
1052 2772 1104 2829 est
1121 2761 1203 2848 quin
1219 2760 1264 2829 sit
1283 2760 1383 2829 nobis
1403 2782 1567 2829 concessa
1582 2756 1637 2849 lta·

421 2876 544 2965 cultas]
559 2875 595 2943 in
612 2876 772 2943 omnibus
788 2876 853 2943 illis
873 2877 1010 2943 casibus
1026 2888 1257 2963 peccatorum,
1276 2897 1296 2942 a
1312 2876 1438 2961 quibus
1454 2898 1517 2944 nos
1532 2894 1641 2963 possa·

323 2991 326 2997 ’
420 3014 498 3061 mus
515 2993 708 3075 absoluere,
726 3014 861 3079 semper
877 3004 991 3060 tamen
1007 2992 1230 3078 intelligendo
1250 2992 1284 3058 111
1309 2993 1385 3060 foro
1404 2990 1637 3060 conscientiae.

419 3110 473 3175 De
500 3108 752 3196 irregularitate
771 3108 976 3193 quibusdam
1004 3108 1140 3175 videtur
1167 3106 1233 3173 alia
1260 3128 1341 3176 esse
1364 3106 1450 3175 ratio
1476 3122 1577 3193 quam
1602 3106 1639 3173 de

419 3224 602 3311 praedietis
618 3223 786 3303 censuris,
806 3223 971 3309 quianon
987 3223 1197 3290 vtimur.hoc
1218 3225 1324 3290 verbo
1346 3224 1489 3291 absoluo
1513 3220 1639 3309 proprie

417 3341 604 3425 loquendo,
623 3340 685 3407 sed
696 3341 803 3408 verbo
815 3338 988 3425 dispenso.
1002 3340 1103 3407 Adde
1115 3339 1207 3424 quod
1219 3360 1288 3405 non
1304 3336 1453 3427 pertinet
1464 3340 1507 3407 ad
1517 3339 1637 3407 confes·

416 3455 545 3523 sarium
564 3476 786 3543 magnopere,
804 3476 883 3522 cum
896 3454 941 3521 sit
952 3454 1148 3522 inhabilitas
1160 3454 1328 3541 quaedam
1339 3455 1383 3521 ad
1395 3454 1636 3541 suscipiendum

417 3572 474 3637 vel
490 3572 731 3656 exequendum
747 3570 901 3638 ordinem
917 3590 1064 3651 sacrum,
1083 3590 1171 3654 quae
1183 3568 1257 3637 sine
1274 3582 1416 3655 peccato
1431 3582 1544 3656 potest
1559 3566 1636 3637 aeci·

416 3688 510 3755 dere.
530 3686 702 3773 Quamuis
719 3706 803 3773 ergo
819 3707 883 3752 nos
898 3684 1068 3772 possimus
1084 3686 1261 3753 absoluere
1277 3707 1298 3751 a
1312 3684 1449 3753 casibus
1466 3680 1636 3753 reseruatis

417 3814 452 3867 et
468 3801 761 3887 consequentibus
777 3801 932 3869 censuris
951 3812 986 3867 et
1002 3800 1132 3887 poenis
1151 3800 1247 3885 aiunt
1262 3800 1355 3885 quod
1370 3801 1414 3866 ab
1430 3802 1495 3870 hac
1510 3810 1635 3870 senten·

418 3918 464 3985 tia
481 3916 743 4005 irregularitatis
757 3918 813 3984 vel
829 3938 974 3985 censura
995 3938 1062 3983 non
1080 3916 1301 3999 absoluimus,
1320 3916 1401 4002 quia
1421 3936 1491 3984 non
1510 3912 1634 4003 proprie

415 4032 544 4101 dicitur
559 4032 740 4119 quisquam
758 4032 890 4099 absolui
911 4032 954 4099 ab
971 4030 1234 4119 irregularitate,
1251 4033 1313 4099 sed
1332 4030 1520 4119 dispensari
1543 4048 1634 4116 super

411 4144 686 4236 irregularitate.
705 4146 775 4216 Alii
797 4158 912 4215 tamen
932 4146 1029 4213 aliter
1050 4145 1215 4227 sentiunt,
1240 4158 1275 4216 et
1301 4144 1440 4233 quidem
1469 4148 1554 4215 inter
1579 4148 1633 4212 hos

414 4284 483 4352 ego
498 4262 671 4332 numerari
687 4284 839 4350 possum,
857 4284 936 4329 nam
956 4264 1025 4329 late
1040 4262 1208 4331 sumendo
1228 4264 1373 4329 verbum
1396 4264 1553 4345 absoluo,
1568 4280 1632 4329 sese

415 4396 628 4407 υ--ψ

469 4455 481 4487 r
518 4450 670 4507 Leonardo
683 4450 830 4508 Kesselio.

469 4542 481 4576 ⁸
518 4540 701 4613 Focaneus,
717 4540 842 4605 chron„
855 4540 900 4595 111
905 4539 1005 4610 ,.184

469 4633 479 4664 ²
517 4628 565 4689 Cf.
579 4628 761 4702 PotartctJS,
779 4628 905 4699 caron„
919 4628 970 4701 111,
984 4626 1036 4684 181
1049 4638 1079 4686 11
1093 4626 1156 4696 183;
1171 4628 1222 4684 ubi
1235 4628 1331 4684 haec'
1322 4584 1385 4701 ipsa
1398 4636 1592 4703 usurpantur.
