3567 5409
1088 468 1296 524 Epist.
1337 467 1648 537 3917.—18
1687 470 2064 526 Novmfflms
2110 469 2246 538 1553
2562 428 2571 436 ι
2612 524 2615 527 ,
2710 488 2810 540 ἵκῃ

398 643 540 688 -era
588 622 817 708 quello
865 620 1105 708 spirito
1151 621 1239 689 de
1281 622 1618 703 humilita3
1668 633 1738 703 et
1781 633 1975 688 tanto
2019 622 2136 709 piu
2180 622 2413 689 chiaro
2454 645 2570 689 era
2614 636 2882 707 questo„

398 748 684 822 -quanto
731 737 789 803 si
839 732 1106 805 ued'eua
1153 759 1274 823 per
1328 737 1709 823 isperienza
1755 750 1826 806 et
1867 759 1990 824 per
2036 739 2253 806 effetti
2295 737 2341 803 il
2390 759 2698 824 gouerno
2750 760 2886 804 nun

424 864 671 939 troppo
704 854 1040 938 prudente
1073 855 1205 920 che
1237 855 1489 922 hauete
1523 864 1791 936 tenuto;
1840 863 1911 923 et
1943 855 2268 922 uoleuate
2300 853 2486 920 darei
2530 855 2618 919 ad
2660 853 2886 920 inten-

399 968 589 1034 dere
614 968 662 1032 il
686 967 1048 1035 contrario.
1090 970 1188 1035 La
1221 968 1596 1036 resistenza
1641 969 1847 1036 etiam
1883 971 1997 1035 ch'
2029 971 2282 1036 hauete
2318 971 2488 1036 fatto
2535 970 2598 1036 al
2646 968 2890 1036 cornis·

424 1083 607 1150 sario
641 1085 690 1162 ²,
727 1084 1095 1151 essendoui
1121 1083 1475 1170 superiore
1508 1085 1679 1176 etin
1708 1085 1865 1151 loco
1895 1087 1983 1151 de
2015 1085 2171 1166 X.⁰,
2210 1097 2278 1153 et
2312 1086 2357 1151 il
2392 1106 2568 1171 poco
2590 1098 2890 1172 respettu

401 1202 553 1265 -che
587 1197 630 1288 1:
665 1203 916 1267 hauete
949 1209 1192 1267 tenuto
1223 1211 1292 1266 et
1325 1221 1496 1286 poca
1529 1200 1910 1267 ubidientia
1941 1223 2063 1286 per
2096 1200 2142 1265 il
2177 1213 2478 1286 passato,
2530 1222 2667 1285 qua
2698 1200 2750 1268 si
2790 1200 2878 1264 vi-

399 1315 604 1381 -deua
637 1327 706 1382 et
739 1314 1135 1401 dispiaceua
1166 1316 1380 1381 molto
1411 1315 2065 1384 necessariamente.
2114 1318 2229 1383 Ma
2260 1316 2326 1381 le
2359 1337 2521 1383 cose
2562 1320 2894 1384 accedute

418 1431 896 1498 vltimamente
930 1441 1278 1497 mostrano
1309 1432 1522 1497 molto
1554 1431 2022 1498 chiaramente
2055 1453 2225 1517 poca
2252 1431 2565 1497 humilita
2593 1442 2664 1497 et
2698 1432 2758 1496 la
2794 1436 2894 1496 in-

425 1531 976 1614 mortificatione.
1017 1549 1104 1612 Et
1137 1569 1258 1632 per
1290 1568 1479 1612 amor
1511 1549 1597 1613 de
1641 1548 1799 1627 X.⁰,
1850 1549 2075 1615 Padre
2118 1549 2277 1627 rni0,
2326 1547 2886 1632 ricognoscetiui‚

425 1664 683 1748 perche
717 1673 864 1730 sete
899 1684 1037 1728 non
1072 1663 1454 1729 solamente
1485 1664 1573 1728 da
1617 1663 1776 1742 Dio,
1827 1685 1936 1728 ma
1977 1663 2184 1730 etiam
2227 1664 2341 1729 dal
2382 1662 2730 1749 superiore
2774 1688 2894 1728 vn*

425 1790 573 1843 stro
605 1778 1034 1845 conosciuto.
1075 1781 1163 1844 Et
1195 1778 1434 1845 mostri
1476 1780 1563 1846 V.
1603 1781 1685 1845 R.
1727 1779 1799 1848 in
1823 1801 1969 1859 ,vna
2002 1780 2247 1847 lettera
2283 1801 2401 1864 per
2435 1781 2523 1846 N.
2565 1779 2643 1843 Ρ.
2681 1783 2898 1844 bauer

431 1897 523 1960 tal
549 1894 950 1981 cognitione
980 1895 1140 1961 delli
1173 1895 1325 1961 suoi
1359 1894 1525 1977 faui,
1560 1906 1631 1962 et
1662 1897 1842 1963 veda
1872 1897 1962 1963 de
1994 1895 2314 1962 aconciar
2344 1895 2549 1962 etiam
2592 1895 2635 1959 l’
2673 1896 2898 1960 animo

404 2030 559 2076 ucon
596 2010 753 2090 Dio;
791 2012 919 2077 che
952 2010 998 2075 li
1031 2011 1258 2078 effecti
1292 2023 1642 2076 mostrano
1682 2013 1817 2077 che
1859 2010 1961 2077 sia
2000 2011 2301 2097 pericolo
2344 2012 2432 2076 de
2475 2010 2632 2076 odio
2665 2033 2706 2076 o
2742 2036 2898 2076 ran-

428 2147 592 2192 core
626 2127 739 2193 nel
772 2148 982 2193 cuore
1014 2137 1275 2208 vostro;
1313 2137 1381 2192 et
1415 2125 1786 2193 vedendosi
1822 2127 1887 2193 la
1917 2126 2317 2213 cognitione
2350 2126 2608 2208 debita,
2645 2126 2690 2192 il
2718 2140 2902 2192 reste]

432 2241 598 2308 lasci
625 2241 982 2310 aconciare
1008 2266 1049 2308 a
1076 2264 1207 2308 me.
1239 2244 1328 2308 Et
1353 2244 1589 2328 sappia
1614 2244 1743 2310 che
1767 2244 1857 2308 N.
1885 2244 1962 2309 P.
1980 2292 1996 2322 ‚
2026 2242 2450 2310 intendendo
2472 2244 2686 2310 chela
2706 2244 2782 2308 R.
2810 2244 2898 2308 V.

431 2357 491 2422 si
529 2371 821 2424 trouaua
853 2358 1109 2444 meglio
1140 2358 1211 2423 in
1240 2357 1578 2443 Bologna,
1605 2369 1675 2423 et
1701 2360 1831 2425 che
1857 2357 2207 2424 ricascaua
2236 2368 2429 2425 tante
2453 2359 2636 2424 volte
2661 2357 2726 2424 in
2762 2360 2902 2424 Mu*

430 2475 636 2551 dena,
673 2474 864 2541 volse
898 2473 1214 2541 ordinare
1248 2473 1476 2558 quello
1509 2474 1640 2540 che
1673 2473 1941 2542 ordino.
1979 2475 2065 2539 Et
2111 2484 2304 2539 tanto
2347 2475 2415 2539 lo
2451 2474 2604 2541 fece
2637 2476 2750 2559 pitz
2786 2496 2902 2536 wi-

433 2587 732 2663 lentieri,
789 2599 1048 2673 quanto
1102 2593 1372 2656 haueua
1419 2611 1459 2655 a
1507 2608 1668 2655 caro
1716 2591 1847 2656 che
1887 2588 1973 2654 V.
2024 2591 2137 2667 R„
2193 2609 2325 2654 con
2369 2590 2552 2654 buon
2599 2604 2902 2674 pretesto

435 2724 638 2768 como
672 2705 926 2788 que110,
965 2704 1130 2771 fossi
1163 2706 1394 2770 leuato
1425 2704 1537 2772 dei
1568 2725 1734 2791 peso
1767 2705 1855 2772 de
1888 2725 2234 2790 gouernar
2268 2704 2445 2783 altri,
2478 2726 2598 2790 per
2631 2703 2675 2769 il
2702 2708 2902 2788 quale

416 2819 608 2885 vede
652 2822 784 2886 che
831 2842 971 2886 non
1017 2822 1051 2886 ὲ
1100 2820 1349 2889 idoneo
1382 2821 1469 2887 V.
1508 2822 1591 2886 R.
1644 2823 1730 2886 Et
1769 2819 1951 2886 cossi
1998 2842 2120 2906 per
2161 2820 2461 2886 scarrico
2505 2821 2590 2886 de
2637 2821 2694 2884 la
2746 2840 2906 2884 enn-

432 2933 722 3000 scientia
756 2957 880 3001 sua
914 2947 983 3002 et
1018 2947 1249 3001 vostra
1282 2936 1533 3003 uoleua
1565 2937 2029 3002 destramente
2070 2935 2362 3018 leuarui3
2401 2947 2471 3001 et
2503 2935 2558 3002 si
2595 2937 2726 3002 ben
2766 2952 2902 3000 tor*

433 3050 613 3115 nasti
658 3051 890 3138 dopoi,
936 3055 1066 3118 che
1111 3052 1274 3118 fossi
1314 3074 1444 3118 con
1491 3051 1689 3117 titulo
1731 3052 1819 3117 de
1860 3063 2296 3136 soprastante
2346 3052 2415 3138 (il
2459 3051 2662 3137 quale
2706 3056 2742 3116 ἑ
2790 3052 2898 3136 fiii]

417 3167 903 3252 -honoreuole),
940 3182 1010 3234 et
1043 3169 1337 3235 essendo
1371 3172 1483 3232 vn'
1522 3169 1696 3232 altro
1728 3166 1774 3231 il
1808 3179 2094 3235 rectore.

569 3282 1001 3352 Finalmente
1036 3286 1121 3350 V.
1164 3286 1244 3351 R.
1278 3284 1558 3349 attenda
1593 3284 1681 3347 da
1713 3303 1929 3348 senno
1963 3283 2026 3348 al
2061 3284 2231 3380 fatto
2264 3304 2419 3362 suo,
2459 3295 2527 3350 et
2562 3305 2698 3348 non
2738 3284 2902 3368 pigli

433 3398 888 3479 malenconia,
926 3421 1036 3465 ma
1070 3399 1128 3466 si
1164 3401 1298 3466 ben
1334 3397 1822 3484 conpunctioni
1859 3398 1969 3465 del
2009 3398 2356 3465 disordine
2389 3420 2545 3477 su0,
2583 3410 2652 3464 et
2694 3420 2902 3484 gran*

413 3513 523 3577 ·de
557 3514 1082 3598 proponimento
1113 3516 1201 3582 de
1233 3512 1640 3581 emendarsi.
1689 3513 1760 3578 Io
1796 3516 1885 3579 rn'
1922 3515 2140 3580 offero
2184 3514 2269 3579 ad
2319 3513 2484 3599 ogni
2524 3515 2742 3579 offitio
2778 3536 2906 3580 cun

438 3631 526 3695 N.
575 3632 650 3695 Ρ.
689 3631 777 3695 Et
811 3630 881 3694 in
913 3641 1158 3715 questo
1199 3651 1417 3710 mem,
1464 3651 1540 3697 se
1586 3632 1675 3696 ha
1706 3630 1969 3714 parlato
2011 3631 2185 3696 male
2229 3628 2297 3694 in
2343 3631 2637 3696 Modena
2679 3632 2762 3696 ad
2810 3632 2906 3692 ἑὼ

431 3767 621 3810 cuno
655 3767 697 3809 o
730 3746 1001 3828 alcuna,
1039 3747 1215 3812 veda
1247 3745 1316 3809 di
1349 3744 1451 3811 far
1492 3745 1559 3810 la
1601 3743 2034 3811 restitutione
2075 3745 2330 3825 debita,
2382 3747 2511 3811 che
2554 3745 2591 3812 ὲ
2638 3756 2900 3828 nemum.¹

429 3861 502 3925 al
535 3860 671 3926 mio
697 3861 1016 3946 giuditio,
1055 3861 1124 3926 in
1152 3861 1319 3947 ogni
1354 3862 1582 3942 mod0,
1611 3862 1934 3927 hauendo
1960 3871 2159 3927 usato
2183 3861 2607 3926 detractione
2641 3861 2706 3928 in
2738 3884 2906 3927 cun·

442 3990 544 4043 tra
578 3977 690 4045 del
730 3978 951 4043 Padre
983 3975 1401 4056 comissario,
1441 3975 1486 4040 il
1520 3976 1719 4060 quale
1753 3976 1790 4043 ὲ
1826 3997 2115 4061 persona
2148 3996 2325 4061 poco
2357 3977 2810 4061 cognosciuta
2838 3976 2902 4040 di

414 4092 552 4157 -chi
586 4094 775 4178 parla
807 4093 940 4158 mal
974 4092 1044 4158 di
1074 4092 1200 4172 lui,
1238 4100 1308 4158 et
1340 4092 1570 4177 degna
1604 4092 1714 4157 del
1747 4092 1964 4177 grado
1998 4093 2127 4158 che
2161 4090 2371 4159 tiene.

575 4208 729 4274 Non
764 4208 964 4288 altro,
1002 4228 1076 4272 se
1109 4227 1248 4271 non
1282 4209 1413 4273 che
1446 4227 1659 4292 prego
1682 4209 1850 4294 Jesu
1886 4205 2013 4271 X.⁰
2057 4205 2157 4272 sia
2199 4227 2470 4291 sempre
2520 4207 2678 4271 nelli
2714 4208 2902 4272 eunt-i

437 4321 661 4387 nostri
696 4343 828 4387 con
863 4323 1262 4388 abundante
1293 4320 1538 4407 gratia.
1577 4323 1834 4387 Amen.

579 4440 683 4504 De
720 4439 937 4504 Roma
977 4439 1054 4504 18
1088 4439 1175 4503 de
1208 4438 1611 4504 Nouembre
1653 4452 1844 4521 1553.

576 4555 968 4638 Inscriptio,
1011 4555 1146 4619 Per
1177 4553 1222 4617 il
1259 4555 1338 4618 P.
1382 4556 1576 4620 Mtro.
1617 4554 1932 4634 Cessare,
1969 4553 2039 4618 in
2076 4555 2412 4640 Bologna.

451 4675 565 4682 ——-

552 4719 572 4746 ²
649 4713 803 4768 Vide
833 4712 1142 4784 epistolam
1171 4711 1335 4782 3915.
