3567 5409
541 476 646 533 Emi.
665 474 821 546 uzo-14
839 473 1004 533 Ocronms
1025 474 1096 547 1553
1345 478 1396 549 581

194 646 266 712 per
282 626 306 692 il
322 648 387 695 suo
403 628 468 695 zio.
484 628 528 695 V.
548 630 589 696 R.
608 628 712 716 gliela
728 628 836 695 faccia
851 628 945 711 dare3
963 640 999 697 et
1013 650 1051 698 se
1071 630 1095 695 li
1116 630 1223 697 faccia
1239 632 1278 718 ala
1299 632 1433 700 instan-

192 742 251 809 tia
266 742 487 831 ragioneuole
503 745 598 812 accio
614 766 685 811 non
699 744 836 811 manchi
851 744 896 813 de
910 746 1100 830 prouedere
1117 746 1152 812 di
1173 747 1286 831 questi
1307 747 1430 830 ditiori,

99 942 102 946 ²
190 860 295 943 quali
310 882 350 927 se
365 861 508 941 darano,
527 882 565 928 se
580 860 604 925 li
620 860 803 941 mandano,
821 881 882 947 per
901 858 958 927 via
978 860 1013 927 di
1035 862 1156 941 Roma,
1177 863 1292 931 dando
1312 864 1434 933 ordine

196 971 328 1064 sia[no]
344 975 495 1062 pagatia
511 998 577 1043 me.
1112 1020 1125 1055 .

268 1092 348 1157 Non
360 1092 460 1171 altro,
478 1114 516 1160 se
531 1088 625 1180 [non]
641 1094 705 1158 che
721 1091 786 1159 alle
801 1091 947 1159 orationi
962 1092 997 1157 di
1015 1094 1062 1160 V.
1086 1094 1129 1162 R.
1147 1094 1253 1178 molto
1269 1093 1316 1159 mi
1332 1115 1430 1162 raco-

193 1206 343 1273 mando,

269 1322 313 1390 Di
328 1324 438 1389 ‘Roma
459 1340 498 1405 14
514 1323 548 1388 d'
568 1323 716 1391 Ottobre
737 1338 835 1407 1553.

268 1439 465 1524 Inscriptio.
483 1441 510 1505 F
512 1438 662 1521 iorenza,
680 1441 786 1507 Mtro.
805 1438 995 1506 Ludouico.

763 1628 867 1712 ³828

336 1780 477 1847 PATRI
500 1780 747 1850 LUDOVICO
770 1778 1029 1849 COUDRETO
1054 1781 1116 1847 EX
1141 1780 1293 1849 COMM.

599 1926 687 1969 noui
703 1926 736 1983 14
748 1926 906 1969 ocronms
922 1912 991 1983 1553
1005 1914 1026 1968 ¹.

191 2030 312 2086 Petrus
325 2030 444 2087 Silvius
453 2030 596 2103 graviter
608 2028 966 2086 decumbit-ottonem
975 2029 1009 2083 in
1019 2031 1159 2101 patriam
1171 2029 1431 2087 remissae-Col·

253 2120 342 2193 legiis
361 2120 508 2175 Perusiae
526 2122 554 2174 ot
572 2117 698 2177 Siciliae
714 2120 935 2189 provisumst
951 2116 1040 2173 sociis
1059 2117 1134 2173 illuc
1153 2119 1428 2175 moso-Romae

250 2211 426 2265 studiorum
439 2208 628 2265 curriculum
638 2209 854 2265 inchoandum:
867 2209 942 2263 socii
953 2225 989 2263 ex
1004 2208 1159 2279 Hispania
1171 2213 1430 2280 exspectantur.-

251 2300 299 2355 Ex
313 2300 512 2373 Portugallia
525 2299 594 2355 boni
603 2299 707 2353 nuntii
719 2316 837 2354 venero:
852 2297 976 2352 Natalis
989 2315 1053 2353 rem
1067 2298 1139 2353 beno
1147 2297 1255 2370 gessit:
1265 2300 1302 2354 de
1312 2300 1431 2354 Aethio·

245 2390 318 2461 piae
326 2390 509 2461 patriarcha
518 2388 659 2463 eligendo
671 2386 965 2461 agitur.-Sooiotas
983 2388 1114 2459 hispano
1126 2389 1254 2444 secundo
1271 2404 1364 2443 cursu
1376 2406 1428 2443 na·

252 2479 351 2551 vigat.

234 2604 237 2611 '
266 2605 339 2672 Pax
354 2603 423 2685 X.¹,
441 2615 510 2671 ete.

263 2718 498 2788 Riceuessimo
519 2721 631 2805 quelle
651 2720 694 2787 de
715 2737 735 2803 7
757 2711 819 2785 del¹
833 2730 993 2805 presente
1014 2718 1124 2786 dee-V.
1152 2719 1193 2785 R.
1219 2719 1346 2803 Quello
1368 2722 1426 2786 ch'

188 2836 322 2902 occade
338 2835 486 2903 auisarlo
501 2834 536 2901 in
557 2836 760 2922 particulare
781 2856 820 2904 se
835 2834 949 2902 scriue
971 2835 1006 2900 in
1024 2838 1082 2901 vn'
1101 2835 1199 2903 altra.
1225 2836 1293 2904 Per
1308 2846 1429 2921 questa

162 2984 164 2988 v
193 2950 270 3019 diro
287 2954 352 3018 che
372 2951 495 3019 stiamo
516 2951 603 3031 sani,
626 2953 670 3019 de
685 2974 731 3017 vn
756 2951 889 3018 fratello
906 2951 942 3017 in
956 2951 1042 3032 lora,
1061 2950 1084 3015 il
1108 2951 1209 3036 quale
1231 2962 1285 3017 sta
1301 2972 1410 3037 graue

193 3079 311 3137 mente
327 3067 486 3148 amatam,
505 3048 579 3135 cio}
596 3070 697 3135 Mtr0.
719 3066 838 3134 Pietro
854 3066 976 3147 Siluio,
994 3067 1181 3152 flamengo,
1200 3078 1235 3134 et
1256 3066 1426 3134 vorriamo
1460 3153 1465 3159 .

191 3182 277 3250 fossi
294 3183 557 3250 raccomandato
574 3184 619 3249 ha
636 3182 730 3250 lddio
748 3184 791 3249 N.
812 3183 848 3250 S.
865 3183 944 3249 nell’
962 3181 1116 3248 oratione
1132 3183 1176 3250 de
1193 3181 1288 3251 tutti.

261 3300 395 3385 Questa
411 3300 595 3365 settimana
610 3320 648 3366 se
664 3299 790 3364 mando
802 3298 826 3363 il
840 3299 880 3366 P.
897 3300 1000 3366 Mtro.
1016 3298 1192 3375 Bernardo
1205 3298 1231 3380 ³,
1246 3319 1308 3384 per
1319 3300 1424 3364 esser’

193 3412 400 3501 indispost0‚
422 3424 458 3483 et
477 3414 567 3482 cossi
591 3415 833 3502 consegliamo
853 3413 876 3479 li
899 3412 1034 3493 medici,
1057 3434 1160 3481 verso
1182 3412 1206 3478 il
1222 3433 1326 3499 paese
1347 3434 1423 3493 suo,

188 3550 260 3596 con
277 3524 324 3597 v‘n
341 3531 477 3599 fratello
494 3533 559 3597 che
576 3531 597 3595 l'
617 3529 825 3616 acompagni
840 3540 876 3596 et
893 3549 1007 3596 serue.

258 3646 297 3715 Si
313 3647 332 3713 ὲ
346 3648 508 3713 mandato
524 3644 628 3713 etiam
646 3648 704 3711 vn'
722 3646 809 3712 altro
825 3666 886 3731 per
902 3645 1035 3731 legger'
1054 3644 1089 3710 in
1108 3646 1238 3711 Perosa
1255 3644 1280 3726 ⁸3
1301 3654 1338 3710 et
1352 3645 1425 3730 yeri

195 3761 334 3847 partetti
350 3762 373 3828 il
391 3761 502 3831 Padre
524 3764 597 3828 don
616 3760 750 3847 Elpidio
771 3780 836 3827 con
857 3758 936 3828 altri
959 3761 1023 3826 Xll
1044 3758 1191 3826 scholari
1213 3760 1246 3825 la
1268 3760 1362 3826 volta
1382 3760 1427 3827 de

195 3877 320 3965 Napoli
335 3888 369 3946 et
386 3875 503 3946 Sicilia
519 3878 544 3943 ⁴.
562 3878 631 3945 Dio
648 3878 693 3944 N.
712 3878 748 3945 S.
768 3876 797 3944 si
813 3876 907 3943 serui
923 3877 969 3943 de
987 3875 1075 3942 tutti.

259 3993 331 4081 Qui
346 3993 377 4061 si
394 4004 497 4061 tratta
512 3994 546 4060 di
564 3993 625 4060 dar
639 3992 759 4061 ordine
771 4015 791 4060 a
804 4002 927 4077 questo
939 3990 1108 4077 principio
1120 3990 1175 4059 del
1183 3990 1316 4069 studio,
1334 3992 1424 4057 ben·

190 4110 257 4177 che
269 4108 299 4176 si
312 4120 491 4196 aspettano
503 4107 615 4176 alcuni
629 4109 672 4179 de
684 4109 837 4195 Spagna‚
848 4106 941 4192 quali
953 4106 1057 4173 etiam
1069 4104 1228 4193 potriano
1242 4104 1423 4194 ar[r]iuare

194 4246 252 4309 per
269 4236 361 4292 tutto
376 4236 499 4311 questo
516 4246 622 4293 mese.

245 4433 253 4465 ¹
292 4432 337 4487 Ex
350 4430 453 4488 codice
468 4434 590 4505 Regest.
609 4430 634 4495 1,
649 4430 699 4485 sol.
714 4442 784 4498 41v.

241 4526 253 4556 ¹
290 4520 458 4577 Bernardus
467 4518 628 4579 Oliverius.
640 4518 717 4574 Vide
728 4516 882 4590 epistolam
892 4516 1087 4588 superiorem,
1097 4515 1135 4571 ad
1144 4514 1282 4571 eumdem
1292 4512 1423 4570 Coudre·

190 4616 253 4667 tom
267 4610 378 4679 datam.

242 4703 253 4735 ³
290 4701 368 4757 Vide
382 4701 538 4773 epistolam
551 4696 633 4755 3821.
902 4698 914 4730 ⁴
951 4694 1029 4750 Vide
1042 4696 1183 4762 epistolas
1198 4694 1381 4765 superiores.
