3567 5409
499 516 607 573 Eenr.
628 493 765 586 stom
783 512 947 574 Ocronnrs
967 513 1037 587 1553
1295 514 1350 586 553

155 674 255 757 potr&
268 672 313 739 V.
337 672 378 738 R.
401 670 535 739 auisare
557 672 622 741 che
641 692 764 739 sereno
782 669 925 739 lettione
943 668 980 737 in
1000 668 1085 757 ogni
1105 668 1231 737 inculti
1253 680 1380 751 exatte,

156 796 191 853 et
205 786 328 854 ottimo
343 786 518 868 exercitio,
528 797 571 855 et
585 786 691 855 molto
706 784 847 853 assiduo
860 783 888 853 Β.
906 784 996 855 Etsi
1016 786 1096 872 quel
1118 783 1267 873 giovane
1286 796 1300 825 ⁰
1321 807 1383 855 ue·

159 899 245 981 niro,
262 904 338 969 send
354 912 492 971 trottato
508 922 612 980 come,
623 922 693 969 uno
709 900 790 971 delli
806 900 931 970 nostri.

220 1016 413 1087 Arriuorno
429 1016 503 1087 seni
518 1017 543 1084 il
563 1018 675 1087 Padre
698 1018 768 1087 don
786 1016 922 1105 Elpidio
946 1018 972 1053 ¹⁰
990 1030 1026 1085 et
1046 1016 1070 1083 li
1091 1015 1287 1105 compagni.
1312 1016 1380 1085 Dio

154 1130 203 1199 sia
218 1134 347 1205 lodeto.
863 1224 866 1231 Ι

221 1248 271 1317 La
287 1249 434 1321 sintasse
448 1250 505 1321 del
527 1250 569 1319 P.
595 1250 718 1319 Frusio
734 1248 749 1291 ‘¹
765 1252 802 1332 ¹¹,
827 1269 928 1317 como
950 1248 1001 1317 sia
1023 1257 1204 1335 stampato,
1230 1246 1259 1315 si
1283 1247 1383 1335 potrri

160 1364 312 1447 mandor,
330 1377 367 1435 et
381 1369 491 1435 anche
506 1367 527 1433 l'
544 1366 622 1435 altri
635 1365 713 1433 libri
729 1368 794 1435 che
809 1365 982 1435 domanda
995 1363 1020 1431 il
1036 1364 1169 1431 fratello
1181 1376 1300 1433 nostro
1317 1364 1384 1431 Ed·

146 1482 285 1548 ¹tnondo
299 1493 313 1521 ⁶
329 1482 365 1549 ¹'.

222 1596 272 1665 La
287 1599 410 1667 iettera
426 1620 488 1687 per
501 1596 639 1667 Gaudia
654 1618 692 1667 se
704 1597 879 1666 mandeti.

223 1716 277 1783 De
292 1717 398 1783 Mtro.
422 1714 579 1785 Lorenzo
593 1714 788 1783 Dauidicho
804 1735 874 1781 non
895 1735 935 1780 so
954 1712 984 1781 si
1005 1714 1135 1781 hauert
1154 1710 1251 1779 auiso
1270 1712 1317 1781 V.
1339 1712 1383 1779 tt.

160 1828 229 1913 Qui
245 1829 335 1898 disse
352 1852 398 1897 un
416 1829 601 1914 cardinale,
619 1832 684 1899 che
700 1831 805 1897 molto
821 1830 856 1897 lo
871 1848 1057 1910 conoseua,
1073 1830 1139 1897 che
1154 1828 1179 1894 t’
1200 1828 1384 1895 haueuano

160 1941 247 2011 miso
261 1943 297 2010 in
313 1946 429 2033 galera
444 1966 504 2032 per
518 1945 617 2014 cierti
632 1943 754 2027 detttti,
774 1955 810 2015 et
825 1946 877 2012 fra
892 1946 916 2012 l'
935 1944 1014 2036 nitri
1026 1943 1181 2031 perdere
1192 1942 1384 2011 asoiutione

160 2057 202 2127 de
215 2060 317 2146 (quali
332 2080 402 2127 non
417 2063 553 2129 haustra
568 2060 727 2147 antoritd)
744 2082 805 2148 per
819 2059 953 2142 denari;
976 2080 1032 2125 ma
1052 2058 1234 2125 habbiemo
1256 2054 1384 2145 doppoi

161 2172 271 2243 inteso
286 2177 353 2243 che
367 2198 437 2243 non
452 2196 511 2244 era
527 2196 610 2246 uero
625 2186 749 2261 questo
763 2176 807 2245 de
822 2176 856 2243 la
871 2175 1002 2263 galera,
1024 2195 1080 2240 ma
1100 2176 1166 2243 che
1186 2172 1211 2239 il
1232 2169 1385 2239 cardinal

163 2290 282 2359 Moron
299 2294 343 2359 ha
358 2294 446 2359 fatto
462 2313 522 2379 per
545 2290 594 2359 lui
616 2289 835 2361 restitutione
858 2292 903 2359 de
926 2289 1023 2357 molti
1039 2287 1170 2370 denari,
1184 2286 1386 2375 pigliandoli

161 2407 264 2491 quelli
279 2410 345 2475 che
360 2406 384 2475 li
400 2411 512 2490 troud,
530 2420 565 2477 et
580 2408 756 2475 mettendo
771 2407 795 2473 il
811 2418 906 2476 resto
920 2407 965 2477 de
981 2427 1044 2473 sua
1062 2406 1177 2485 borsa,
1202 2415 1238 2473 et
1260 2424 1331 2470 non
1353 2402 1387 2469 lo

162 2521 257 2592 nolse
271 2524 394 2611 punire
410 2502 601 2592 altrimente
617 2525 681 2591 che
695 2522 732 2591 in
747 2521 904 2590 bandirlo
919 2522 963 2591 de
985 2523 1019 2588 la
1041 2541 1105 2590 sua
1127 2518 1268 2589 diocesi.
1293 2519 1387 2587 Uero

166 2634 260 2707 eche
274 2638 355 2708 nelli
371 2638 479 2706 delliti
500 2659 570 2705 non
590 2642 621 2706 c'
647 2640 665 2707 ὲ
689 2635 926 2709 controuersia
949 2639 1016 2707 che
1039 2635 1073 2703 io
1095 2634 1226 2723 sappia.
1251 2634 1387 2720 Quest'o

162 2750 274 2821 soiuo
289 2753 385 2821 accio
402 2754 447 2825 V.
465 2754 507 2821 R.
525 2752 576 2822 sia
590 2753 749 2821 hauisnto
768 2754 806 2820 ³⁸.

227 2870 294 2939 Per
311 2880 432 2955 questa
448 2891 520 2936 non
536 2870 636 2951 altro,
650 2890 767 2937 senon
781 2871 846 2937 che
858 2890 918 2956 per
930 2866 1027 2935 lddio
1040 2864 1286 2955 gratiastiarno
1298 2864 1387 2932 bene

161 2990 197 3048 et
211 2981 246 3049 in
260 3006 349 3073 gran
365 3005 521 3056 nurnero.
539 2984 608 3053 Dio
624 2984 654 3053 si
669 2983 775 3071 degni
791 3007 811 3052 a
827 2984 910 3053 tutti
921 2983 1190 3075 darabondante
1201 2978 1312 3068 gratia
1323 2998 1384 3066 per

162 3117 346 3171 conoscere
361 3111 396 3170 et
411 3100 550 3189 seguire
565 3122 629 3169 sua
644 3114 743 3169 santa
759 3100 917 3168 uoluntd.

227 3215 278 3285 De
293 3214 404 3284 Roma
421 3234 442 3301 7
457 3216 501 3285 de
518 3216 667 3287 Ottobre
687 3234 724 3301 15
729 3232 747 3301 5
752 3236 784 3301 3.

226 3336 423 3421 Inscriptio.
443 3334 477 3401 A
493 3332 656 3421 Perogia,
674 3334 706 3400 al
724 3334 765 3405 P.
785 3334 888 3401 Mtro.
908 3332 1096 3400 Euerardo.

703 3476 869 3497 -ι--ὗ--η

226 3559 531 3654 Posrscritta.7·-V.
557 3562 599 3630 R.
627 3561 716 3629 ueda
743 3580 781 3631 se
806 3556 882 3627 sard
908 3557 995 3623 bene
1022 3550 1153 3622 trattar'
1180 3552 1215 3619 d'
1235 3548 1390 3638 applico-

166 3668 252 3739 tione
267 3685 443 3763 perpetua,
462 3676 517 3744 del
533 3676 639 3765 luogo
655 3678 720 3746 che
735 3685 899 3762 tengono‚
917 3672 985 3739 alla
1000 3666 1228 3757 compagnia.

226 3790 276 3860 Le
290 3792 412 3861 lettere
432 3793 450 3861 ὲ
471 3792 599 3881 meglio
619 3790 648 3859 si
668 3790 857 3859 indrizrino
876 3812 898 3857 a
919 3790 963 3855 N.
986 3790 1026 3855 P.
1049 3786 1139 3853 nella
1159 3782 1389 3870 soprascritta

167 3900 207 3969 de
220 3904 306 3975 fuori
322 3920 359 3979 et
370 3908 406 3975 ia
420 3910 543 3979 lettera
558 3907 757 3995 principale.

226 4026 420 4111 Inscriptio.
441 4024 604 4113 Perugia‚
622 4046 683 4111 per
701 4025 802 4091 Mtro.
818 4021 1007 4089 Euererdo.

171 4148 356 4167 -———-

215 4212 229 4253 t
263 4211 440 4272 midioms.
478 4226 527 4257 —0
545 4212 667 4285 ginanni
680 4230 735 4269 ms.
776 4212 824 4254 -d
844 4208 1029 4267 Flusrioms.
1066 4220 1115 4249 ...e
1142 4202 1249 4261 mondo
1262 4219 1318 4257 mr.

171 4318 358 4337 ''Qu——

208 4377 230 4415 ¹⁰
264 4382 397 4456 Elpidior
411 4384 582 4455 Ugolettus.

208 4468 227 4503 ¹¹
263 4472 398 4529 Andresr
412 4472 544 4531 Frusino.

211 4563 230 4593 ¹¹
264 4560 436 4617 Edmundus
449 4561 611 4633 Augerius.

211 4647 230 4681 '⁸
264 4648 310 4705 De
322 4649 481 4707 Laurentio
494 4648 640 4705 Davidico
650 4646 834 4725 videaturad
846 4648 924 4704 hunc
937 4663 1046 4703 annum
1060 4644 1242 4714 Potentem,
1262 4640 1390 4710 ceron,

173 4726 332 4811 111,48·51‚
345 4738 397 4794 ubi
408 4738 446 4795 ad
459 4737 635 4795 narrationis
647 4739 759 4793 calcem
772 4739 846 4793 hnec
858 4736 985 4808 epistola
998 4733 1166 4790 adhibetur.
