3567 5409
398 476 452 547 486
776 478 984 537 Mounaanra
1002 478 1182 535 inuentam

363 650 519 697 nessuno-
534 630 579 697 N.
604 630 645 697 P.
668 649 737 696 non
758 627 888 710 uorria,
912 650 982 695 non
1002 628 1190 699 solamente
1210 630 1233 695 l'
1264 628 1390 697 unione
1416 627 1499 699 dell'
1525 649 1591 697 uns

363 766 468 832 opera
483 765 548 812 con
564 744 586 810 l’
605 745 702 826 altra,
721 766 777 811 ma
792 744 837 812 nd
853 746 966 813 anche
981 747 1047 814 che
1063 743 1146 813 fossi
1162 743 1258 812 dntta
1281 766 1348 813 una
1364 746 1437 813 sola
1456 765 1594 812 camera

363 861 420 927 nel
436 859 586 947 collegio
602 881 662 947 per
677 860 710 927 la
725 860 793 928 tale
813 860 1099 948 congregatione,
1122 881 1184 947 per
1203 860 1227 926 li
1247 859 1512 931 inconuenienti
1529 862 1593 929 che

362 977 408 1044 V.
426 978 469 1045 R.
488 988 598 1057 tocco,
618 986 653 1046 et
668 975 756 1059 altri,
775 978 842 1043 che
858 997 944 1043 sono
959 996 1029 1042 non
1041 975 1153 1063 pochi.
1169 974 1208 1046 Si
1220 977 1297 1057 che,
1311 977 1474 1043 hauendo
1485 977 1532 1043 de
1543 976 1594 1041 lar

362 1094 385 1159 l'
404 1112 508 1179 opera
523 1093 639 1159 bunna
654 1102 689 1159 et
709 1091 886 1159 conforme
907 1088 962 1158 all’
983 1090 1142 1159 instituto
1161 1092 1206 1161 de
1224 1103 1342 1159 nostra
1363 1090 1590 1179 Compagnia,

364 1229 433 1274 non
450 1229 487 1275 se
502 1219 517 1247 ⁸
529 1206 693 1295 uogliono
709 1207 874 1273 mescolar
891 1226 957 1274 con
973 1207 1059 1276 altre
1071 1228 1185 1294 opere.
1202 1210 1273 1275 Pur
1285 1208 1342 1275 nei
1352 1206 1459 1275 disier
1469 1216 1591 1293 questa

362 1343 444 1391 cosa
460 1324 582 1393 soche
604 1325 705 1391 usard
721 1323 764 1391 V.
789 1324 831 1390 R.
854 1323 969 1408 quella
989 1322 1145 1392 destresa
1165 1325 1230 1391 che
1249 1322 1419 1392 conuiene
1439 1344 1499 1409 per
1522 1342 1590 1389 non

363 1438 484 1507 lasciar
499 1434 522 1506 l'
538 1438 641 1507 animi
653 1438 787 1505 irritati.

430 1556 498 1621 Per
513 1556 546 1622 la
561 1556 677 1621 buona
688 1554 851 1623 memoria
863 1554 908 1623 de
918 1554 988 1621 don
999 1554 1200 1623 Gieronimo
1212 1556 1225 1589 ¹
1238 1555 1267 1622 si
1279 1552 1294 1594 ¹³
1305 1555 1325 1623 ὲ
1337 1554 1425 1621 fatto
1436 1552 1458 1621 l'
1473 1552 1587 1622 officio

362 1670 452 1740 uena
467 1652 589 1737 'carin

429 1786 509 1873 Qun
525 1805 571 1853 no
586 1784 615 1853 si
632 1796 645 1825 ⁹
660 1787 681 1854 ὁ
696 1785 815 1853 scritto
830 1785 948 1855 niente
967 1808 988 1852 a
1009 1787 1053 1854 N.
1078 1788 1118 1853 P.
1137 1786 1193 1855 del
1208 1785 1363 1872 predicar
1377 1786 1469 1855 della
1483 1787 1524 1852 R.
1540 1782 1581 1851 V.

363 1900 423 1989 piu
439 1901 474 1968 in
491 1923 539 1968 un
555 1903 661 1990 luogo
676 1900 734 1989 pid
751 1899 824 1989 [sic]
840 1903 908 1968 che
923 1900 958 1967 in
974 1922 1024 1969 un
1038 1902 1137 1969 altro.
1158 1902 1240 1971 Solo
1257 1899 1412 1969 ilducha
1429 1902 1474 1971 de
1489 1902 1584 1968 Mon·

363 2018 477 2085 teleon
494 2016 507 2049 ⁴
522 2014 568 2085 ha
584 2015 704 2084 scritto
716 2016 812 2083 accio
824 2017 868 2085 V.
884 2018 926 2084 R.
941 2016 971 2083 si
982 2013 998 2057 Ι
1008 2016 1145 2085 fermasi
1157 2014 1194 2082 in
1205 2016 1342 2103 Napoli,
1355 2026 1392 2084 et
1403 2013 1477 2084 cosi
1488 2016 1529 2083 N.
1543 2014 1580 2081 P.

363 2132 387 2199 li
403 2135 448 2199 ha
468 2132 617 2220 risposto
636 2118 812 2199 conforme
830 2155 852 2200 a
871 2133 985 2219 quella
1005 2134 1072 2201 che
1092 2132 1183 2200 nella
1204 2130 1402 2203 mostrabile
1424 2129 1454 2201 si
1475 2130 1583 2199 scrius

363 2248 430 2316 alla
446 2250 488 2316 R.
507 2249 552 2317 V.

430 2366 455 2431 Il
471 2366 549 2432 loco
564 2366 630 2433 che
650 2365 741 2432 hano
761 2367 891 2431 haunto
912 2364 1017 2452 quelli
1035 2365 1081 2432 de
1101 2362 1264 2451 Perugia,
1281 2362 1407 2431 dicano
1421 2360 1509 2430 siail
1528 2359 1583 2448 pii

361 2481 541 2547 commodo
557 2480 638 2547 sitto
653 2481 743 2549 della
762 2480 857 2561 cittt,
882 2490 918 2547 et
941 2482 976 2547 lo
1000 2491 1171 2549 teneuano
1193 2478 1302 2567 prima
1324 2477 1349 2545 li
1372 2477 1508 2547 maestri
1528 2476 1583 2545 del

361 2615 520 2664 comune.
540 2596 619 2687 Non
635 2616 742 2683 penso
757 2600 839 2683 perd
855 2596 907 2663 sia
922 2596 955 2663 la
970 2595 1145 2683 Sapientia
1159 2597 1225 2663 che
1241 2596 1286 2663 V.
1304 2597 1348 2665 R.
1370 2593 1458 2663 dice.
1480 2594 1583 2661 Come

362 2731 477 2798 uenga
493 2710 516 2777 il
531 2714 594 2779 Dr.
610 2712 722 2780 Olane
734 2712 845 2800 (quale
857 2722 1033 2799 aspetamo
1045 2724 1167 2799 questa
1178 2711 1373 2796 settimana)
1385 2711 1419 2778 lo
1430 2721 1582 2798 potremo

361 2847 461 2915 saper
476 2828 520 2894 de
536 2838 631 2896 certo
649 2830 673 2895 ⁵.
820 2920 822 2925 Ι

429 2944 456 3010 11
483 2946 587 3011 Mtro.
612 2943 789 3012 Bobadilla
816 2943 926 3011 stain
946 2947 1065 3013 Monte
1084 2942 1252 3037 Finscone
1280 2964 1341 3029 per
1367 2942 1485 3011 uisiur
1505 2941 1584 3027 quel

361 3071 547 3126 vescouato
562 3080 583 3126 a
598 3058 760 3126 instantia
775 3059 831 3127 del
846 3080 997 3129 vescouo
1012 3061 1039 3141 ⁸,
1057 3060 1158 3147 quale
1173 3058 1317 3126 eamico
1328 3070 1460 3140 nostro;
1476 3068 1512 3125 et
1524 3076 1583 3143 per

361 3226 560 3239 ——a——··

410 3313 426 3352 t
461 3324 570 3365 cema.
612 3311 672 3381 -b‚
687 3311 740 3381 c‚d
758 3309 786 3364 ci
799 3326 856 3367 ms.

410 3535 421 3565 ³
459 3534 541 3589 nHoc
554 3550 632 3590 anno
644 3548 733 3605 agere
747 3534 891 3590 Dominus
904 3533 1105 3607 Hieronymus
1115 3534 1153 3590 de
1168 3533 1302 3592 Fonseca
1312 3528 1351 3584 de
1364 3528 1501 3603 Collegto
1514 3532 1581 3589 Hie·

356 3624 511 3697 rosolymis
523 3619 705 3679 instituendo
717 3624 825 3695 coepit3
839 3621 893 3677 sed
905 3622 1011 3679 eodem
1023 3624 1166 3679 hocauuo
1175 3632 1270 3681 morte
1280 3634 1469 3699 praeventus,
1482 3640 1581 3679 veram

358 3714 544 3771 Hierusalem
556 3713 718 3769 coelestem
730 3712 795 3784 ipse
808 3713 957 3785 migravit.
976 3712 1055 3769 luter
1071 3712 1129 3770 alia
1146 3722 1245 3769 tamen
1262 3714 1383 3787 pietatis
1400 3730 1499 3788 opera,
1520 3714 1584 3771 Col·

356 3802 427 3874 legii
453 3801 546 3857 nostri
571 3800 774 3873 [neapolitani]
802 3800 832 3857 iu
860 3816 915 3857 suo
942 3810 1121 3859 testamento
1151 3817 1261 3858 memor
1288 3802 1375 3863 luit.»
1404 3804 1581 3873 emmens,

357 3890 481 3959 chron,
499 3890 551 3961 ΙΙΙ,
567 3888 631 3960 184.
649 3889 726 3945 Vide
738 3892 845 3962 locuni¹
861 3890 912 3946 ubi
925 3892 1009 3964 plura
1020 3890 1058 3947 de
1070 3892 1204 3947 Fonseca
1216 3901 1406 3953 annotantur.

410 3984 423 4016 ⁴
459 3980 570 4036 Hector
584 3978 787 4051 Pignatellius.
803 3980 880 4036 Vide
892 3980 1048 4053 epistolam
1059 3978 1140 4051 3753.

410 4073 421 4105 ³
459 4070 506 4125 Ad
527 4086 635 4125 annum
661 4081 740 4139 1552,
764 4086 857 4141 egens
880 4069 920 4125 de
944 4070 1216 4143 rebusperusinis,
1229 4071 1379 4128 scribebat
1403 4072 1583 4141 Pornncus.

358 4159 481 4225 Ceron..
497 4160 535 4229 ΙΙ,
548 4158 612 4229 439:
627 4160 798 4231 «Agebatur
811 4166 911 4215 nutem
923 4159 961 4215 de
973 4159 1099 4233 quodam
1112 4161 1187 4229 loco,
1201 4177 1290 4232 quem
1300 4160 1492 4232 Sapientiam
1503 4176 1584 4215 vocs·

358 4253 439 4323 bant,
454 4251 506 4307 ubi
519 4250 683 4309 Cardinnlis
700 4250 770 4305 olim
789 4250 970 4307 Armelliuus
987 4250 1155 4323 Collegium
1172 4252 1363 4307 inchoaverat
1380 4262 1412 4309 et
1426 4251 1507 4325 jacta
1523 4250 1584 4307 nn·

353 4340 494 4397 dsmeuta
508 4350 601 4397 morte
613 4348 786 4413 praereptus
796 4340 966 4413 reliquerat;
976 4342 1120 4413 agebatur
1130 4340 1220 4397 etiam
1229 4339 1267 4395 de
1276 4339 1403 4415 quodam
1413 4341 1489 4413 loco,
1500 4355 1583 4413 quem

355 4428 551 4502 ludimagistri
571 4429 775 4485 inhabitabant
796 4446 886 4503 prope
909 4431 1036 4502 plateam
1057 4429 1217 4485 civitatis.»
1240 4428 1331 4485 Porro
1352 4438 1520 4503 postremus
1540 4426 1584 4483 laic

355 4520 437 4577 locus
456 4526 526 4576 tunc
543 4518 573 4575 in
593 4518 750 4574 societatis
767 4536 853 4574 usum
870 4518 971 4575 cessit.
990 4520 1038 4576 De
1054 4520 1120 4575 ioco
1136 4528 1248 4589 autem,
1265 4517 1314 4574 cui
1327 4507 1436 4575 nomen
1448 4517 1585 4591 «Sapien-

354 4609 425 4675 tia»,
438 4616 532 4681 agunt
546 4608 643 4682 Epist.
659 4607 783 4673 Mixtus,
798 4608 851 4679 lV,
863 4624 896 4679 44
901 4622 927 4680 5,
942 4608 1007 4681 446,
1019 4608 1086 4679 468.

409 4700 421 4735 ⁰
458 4700 591 4755 Achilles
603 4698 641 4755 de
654 4696 783 4757 Grassis.
799 4698 874 4753 Vide
887 4700 1028 4772 epistolas
1040 4696 1112 4769 3726
1125 4709 1157 4756 et
1168 4696 1252 4769 3727.
