3567 5409
168 1243 189 1375 4-9

178 1719 189 1748 -τ
178 1589 192 1709 ..Ad—dt—
174 1574 182 1579 ¹
186 1556 188 1564 -

1012 371 1116 413 202
1767 359 1917 415 Mon
1926 371 2182 415 vunnu
2222 359 2578 414 lemnam

939 512 1051 592 da,
1090 523 1159 576 et
1191 514 1409 579 anche
1444 521 1623 577 tutto
1655 510 1701 576 il
1734 523 1919 577 resto
1951 512 2298 580 rimettero
2322 535 2362 579 a
2392 511 2488 577 lui
2513 510 2699 577 circa
2729 511 2792 577 la
2828 531 3114 596 persona
3138 521 3418 592 vostra,

941 627 1192 712 perche
1227 626 1297 692 ui
1333 648 1590 693 conoce
1621 638 1692 694 et
1721 649 1875 694 ama
1916 627 2416 713 specialmente.
2464 628 2730 713 Questo
2778 625 2848 691 ui
2887 624 3037 692 diro
3075 629 3163 695 de
3208 636 3416 712 parte

941 742 1097 822 mia,
1134 744 1267 812 che
1296 764 1492 812 come
1526 766 1662 829 uoy
1695 755 1764 812 et
1796 743 1961 829 ogni
1996 744 2342 830 relligioso
2375 743 2551 811 deue
2583 764 2811 811 essere
2854 754 3166 828 prompto
3210 765 3250 808 a
3302 743 3414 808 far

940 870 1199 944 quanto
1231 859 1277 925 li
1310 859 1462 926 sara
1498 881 1877 928 commesso
1909 881 2038 926 con
2072 859 2237 946 ogni
2270 859 2729 945 abnegatione
2755 859 2864 924 del
2896 857 3133 945 propio
3167 879 3414 925 amore

940 984 1009 1043 et
1041 974 1372 1060 giudiciO,
1409 975 1553 1042 cosi
1590 987 1744 1042 toca
1776 997 1817 1041 a
1849 997 1958 1041 me
1989 985 2058 1041 et
2099 973 2264 1060 ogni
2313 995 2450 1040 uno
2491 977 2620 1042 che
2660 975 2813 1040 sara
2856 971 3233 1059 superiore,
3281 974 3403 1040 nel

938 1079 1346 1157 comandar‘
1373 1112 1510 1156 una
1541 1111 1702 1157 cosa
1733 1113 1775 1156 o
1817 1091 2012 1169 altra,
2059 1111 2218 1156 usar
2261 1091 2485 1174 quella
2525 1088 3130 1174 circunspettione,
3167 1091 3302 1155 che
3339 1089 3411 1153 la

937 1204 1232 1273 discreta
1264 1206 1524 1272 charita
1561 1206 1839 1272 ricerca.
1878 1205 1955 1274 Si
1992 1208 2148 1286 che,
2185 1216 2361 1272 state
2392 1226 2660 1290 sempre
2691 1207 2778 1271 de
2819 1206 3003 1270 buon
3039 1204 3291 1282 anim0‚
3331 1216 3409 1271 et

938 1333 1298 1406 procurate
1331 1320 1495 1406 ogni
1527 1321 1597 1388 di
1639 1321 2007 1406 impetrare
2050 1321 2272 1407 gratia
2314 1322 2400 1388 de
2442 1320 2574 1387 Dio
2622 1322 2709 1388 N.
2757 1322 2830 1390 S.
2877 1323 2965 1388 de
3005 1319 3393 1405 abnegarui

938 1437 1336 1503 totalmente
1368 1461 1406 1503 a
1438 1436 1544 1504 cio
1579 1435 1879 1522 possiate
1913 1437 2148 1504 esset-li
2184 1457 2350 1504 uero
2381 1435 2741 1521 discipulo,

1072 1553 1159 1617 Et
1190 1553 1255 1617 la
1278 1574 1403 1618 sua
1436 1552 1698 1617 infinita
1731 1564 1801 1619 et
1827 1573 2093 1618 summa
2119 1553 2329 1619 bonta
2352 1573 2392 1618 a
2417 1552 2575 1617 tutti
2597 1552 2901 1619 conceda
2927 1550 3147 1636 gratia
3173 1551 3399 1616 abon-

935 1666 1144 1734 dante
1184 1689 1307 1753 per
1359 1688 1696 1736 conocere
1749 1689 2020 1753 sempre
2074 1690 2200 1734 sua
2242 1666 2627 1733 santissima
2684 1667 2997 1746 uolonffi,
3045 1679 3114 1732 et
3170 1667 3403 1750 quella

933 1783 1470 1867 perfectamente
1503 1783 1854 1868 adimpire.

1067 1899 1155 1965 Di
1191 1902 1404 1967 Roma
1439 1918 1522 1965 22
1555 1900 1642 1966 de
1675 1901 1925 1988 Luglio
1970 1916 2161 1985 1553.

1070 2016 1461 2102 Inscriptio,
1500 2017 1717 2102 Copia
1747 2018 1833 2113 de
1867 2038 2003 2084 una
2035 2019 2121 2083 de
2162 2019 2254 2084 N.
2293 2019 2372 2082 P.
2413 2037 2535 2102 per
2568 2019 2771 2083 Mtro.
2821 2018 2905 2084 P.
2948 2015 3259 2099 Gasparo
3307 2013 3397 2080 de

943 2131 1287 2197 Bahlones
1315 2133 1364 2196 '.

2064 2288 2270 2366 3562

1342 2393 1624 2484 PATRI
1662 2419 2011 2505 JoANNI
2063 2418 2588 2485 BAPTISTAE
2635 2416 2987 2483 VIOLAE

1805 2563 1981 2606 ROMA
2021 2565 2089 2605 22
2126 2564 2279 2618 JULu
2325 2550 2460 2620 1553
2499 2552 2538 2606 ¹.

939 2665 1025 2718 Ne
1053 2664 1249 2719 nimia
1277 2669 1490 2719 utatur
1513 2683 1665 2738 erga
1698 2667 1814 2720 sibi
1847 2667 2113 2725 subditos
2148 2666 2806 2739 indulgentiae-Sciat
2839 2681 2898 2720 se
2933 2666 3178 2735 plenam
3212 2670 3393 2736 prae-

1036 2752 1222 2824 positi
1240 2756 1648 2825 provincialis
1675 2756 1743 2810 in
1761 2773 1896 2810 suos
1916 2757 2341 2813 auctoritatem
2358 2760 2823 2827 potestatemque
2841 2756 2924 2810 ad
2945 2758 3098 2810 recte
3122 2754 3390 2808 commis·

1044 2842 1204 2897 sarii
1231 2861 1453 2897 munus
1477 2845 1813 2899 obeundum
1839 2847 2202 2901 attributam
2221 2846 2457 2911 habere,
2478 2863 2550 2899 ac
2567 2844 2972 2916 poenitentias
2995 2843 3181 2898 etiam
3213 2846 3392 2897 recto·

1044 2933 1209 2987 ribus
1229 2938 1397 3004 posse
1424 2934 1773 3006 injungere.

1078 3061 1173 3125 La
1204 3081 1471 3126 summa
1505 3060 1748 3146 gratia,
1786 3074 1918 3129 ete.

1074 3176 1188 3240 Ho
1221 3175 1444 3243 inteso
1479 3196 1600 3261 per
1632 3176 2110 3243 informatione
2158 3188 2344 3243 certe
2385 3178 2513 3243 che
2555 3178 2667 3246 nel
2716 3198 2841 3243 uso
2880 3177 2990 3243 del
3030 3174 3256 3243 officio
3303 3178 3389 3243 de

939 3290 1331 3357 comissario
1390 3291 1458 3356 ui
1514 3303 1777 3378 portate
1831 3313 1960 3358 con
2017 3291 2134 3378 piu
2190 3292 2468 3378 rispetto
2521 3293 2589 3357 di
2645 3294 2871 3377 quello
2927 3293 2982 3358 si
3049 3291 3386 3359 conuiene

939 3427 1075 3471 con
1120 3406 1334 3472 nostri
1376 3405 1654 3474 subditi.
1707 3408 1990 3486 Perche,
2037 3407 2092 3473 si
2136 3409 2268 3475 ben
2314 3409 2411 3474 sia
2453 3408 2520 3473 di
2567 3409 2842 3476 laudare
2885 3409 2929 3472 l'
2975 3407 3286 3474 humilita
3320 3419 3389 3474 et

940 3522 1396 3588 sottometersi
1431 3524 1542 3589 nel
1576 3533 1811 3587 uostro
1843 3543 2050 3588 cuore
2083 3546 2123 3589 a
2158 3523 2340 3600 tutti,
2390 3525 2500 3592 nel
2543 3525 2865 3591 esteriore
2908 3524 2944 3591 ὲ
2987 3524 3052 3589 di
3096 3522 3387 3610 bisogno

938 3638 1068 3704 che
1112 3637 1179 3702 ui
1240 3637 1574 3705 ricordate
1621 3639 1705 3705 de
1762 3641 1972 3704 hauer
2027 3640 2091 3703 la
2133 3660 2426 3723 persona
2480 3639 2548 3704 di
2604 3641 2732 3706 Χ.ο
2784 3661 2984 3706 uerso
3039 3639 3085 3704 li
3136 3638 3391 3705 sudditi

1043 3872 1065 3902 ³
1141 3868 1333 3938 Hujus
1369 3868 1478 3923 viri
1514 3887 1841 3940 cognomen
1879 3871 2178 3942 Gropillus
2214 3888 2247 3926 a
2285 3873 2644 3927 nostratibus
2679 3873 2978 3928 scribitur.
3025 3872 3388 3940 POLANCUS,

942 3955 1187 4019 Chron..
1218 3959 1325 4026 111,
1358 3970 1480 4025 114,
1507 3967 1569 4011 et
1593 3958 1733 4013 alibi
1760 3976 2203 4031 saepenumero,
2233 3960 2368 4029 Hie,
2397 3962 2495 4033 qui
2523 3961 2768 4015 Bassani
2803 3961 2862 4015 in
2897 3960 3148 4033 quodam
3184 3959 3391 4015 eremi·

938 4045 1107 4113 toric,
1134 4045 1414 4100 Societati
1451 4046 1688 4117 donam,
1718 4050 2079 4119 versabatur,
2117 4050 2342 4104 «animo
2379 4049 2549 4104 valde
2577 4052 2916 4121 perturbato
2943 4051 3050 4104 hoc
3077 4065 3229 4105 anno
3254 4065 3387 4105 esse

937 4134 1149 4205 coepit,
1182 4144 1243 4190 et
1267 4135 1340 4189 de
1369 4154 1474 4190 sua
1502 4137 1810 4192 vocatione
1836 4137 2197 4206 dubitare...‚
2225 4138 2380 4210 quod
2408 4139 2926 4211 promptitudinem
2956 4139 3014 4194 in
3041 4156 3130 4208 se,
3156 4141 3389 4212 qualem

940 4233 1134 4278 nostra
1160 4223 1425 4279 Societas
1454 4225 1716 4297 requirit,
1746 4243 1859 4280 non
1896 4228 2212 4297 sentiebat,
2242 4236 2305 4281 ut
2331 4245 2699 4300 quocumque
2725 4227 3063 4283 obedientia
3106 4238 3386 4293 moveret,

940 4321 1204 4382 prompte
1231 4330 1294 4367 se
1322 4312 1672 4369 conferret».
1704 4315 2066 4383 POLANCUS,
2099 4316 2343 4380 Chron„
2373 4317 2481 4385 111,
2515 4320 2634 4372 116.

1050 4494 1061 4523 ¹
1140 4490 1225 4543 Ex
1264 4490 1468 4546 codice
1510 4493 1744 4563 Regest.
1786 4493 1838 4558 I,
1877 4491 1976 4547 fol.
2027 4491 2172 4550 103r.
2216 4495 2422 4548 Exstat
2462 4496 2816 4564 exemplum,
2858 4511 2974 4550 non
3014 4479 3211 4550 tauien
3239 4495 3388 4550 inte·

936 4595 1129 4649 grum,
1157 4578 1215 4633 in
1247 4579 1391 4633 Cod.
1424 4580 1656 4636 Monac.
1689 4581 1772 4645 II,
1801 4580 1902 4639 fol.
1932 4581 2311 4649 5.-Carta8‚
2340 4601 2398 4641 n.
2429 4581 2743 4639 CCCXXI.
