3567 5409
787 480 996 545 Mouuuuurn
1014 480 1193 561 lauimus

939 680 1044 763 3688

644 812 784 884 parm
812 813 1074 883 isoncium
1105 812 1329 881 Kssseuo

768 968 857 1013 nour
875 955 912 1012 23
931 966 1070 1013 nucusm
1092 954 1160 1027 ¹55³
1187 959 1206 1010 ¹.

364 1084 517 1161 joannem
531 1087 567 1141 de
579 1084 730 1140 Montibus
745 1082 873 1140 Romam
884 1083 1021 1139 arcessit.
1031 1082 1149 1138 -Dolet
1159 1086 1273 1155 perum
1285 1080 1428 1137 &ionice
1438 1084 1603 1137 saeuire.-

424 1175 472 1232 Dc
484 1175 573 1231 rebus
584 1174 618 1231 in
632 1172 692 1231 Dei
702 1176 845 1230 bonorem
858 1172 1028 1231 cedentibus
1034 1173 1161 1245 gaudet,
1176 1172 1336 1245 etgratics
1344 1172 1506 1245 agit-De
1515 1174 1605 1228 sociis

423 1266 458 1321 in
473 1264 677 1322 Germaniam
687 1263 1022 1337 prasertim-Bracata
1029 1260 1181 1333 patienter
1194 1261 1374 1332 quotidiana
1376 1260 1464 1335 febri
1473 1261 1605 1317 laborat·

425 1354 569 1412 Οοιίονκε
580 1358 608 1411 et
620 1354 727 1409 Retices
740 1353 810 1410 bene
822 1352 1027 1411 ualent-De
1031 1350 1195 1425 juvenibus
1208 1352 1242 1407 in
1265 1348 1376 1407 Urbem
1393 1351 1564 1407 mittendis.
1573 1380 1604 1391 -

426 1444 570 1502 &nnius
580 1445 746 1517 episcopale
757 1461 845 1509 onus,
860 1443 925 1499 Deo
941 1442 1073 1517 alapiae,
1087 1440 1373 1499 declinavit-Post
1390 1438 1550 1513 scriptum.

438 1570 513 1635 Pax
529 1566 669 1636 Christi.

437 1684 648 1753 Charissime
663 1684 699 1751 in
714 1683 854 1752 Christo
870 1686 986 1753 Pater.

437 1799 706 1886 Accepimusv.
724 1798 838 1867 Rtiae.
860 1798 988 1881 literas,
1006 1809 1129 1875 octaua
1145 1796 1226 1885 Julii
1247 1795 1403 1883 scriptas;
1421 1808 1458 1863 et
1479 1806 1518 1863 ut
1538 1792 1605 1863 illis

371 1916 523 1985 breuiter
534 1916 768 2001 respondeam,
780 1918 874 2002 Mag.
885 1918 1076 2003 Johannem
1086 1916 1130 1982 de
1142 1912 1320 1982 Montibus
1330 1912 1487 1981 consulte
1499 1911 1605 1979 Vien-

371 2054 451 2100 nam
466 2030 608 2099 missum
620 2030 824 2108 iudicamus;
843 2040 958 2099 tamen
975 2028 1089 2097 minus
1104 2029 1141 2095 in
1156 2051 1198 2098 eo
1210 2028 1356 2115 collegio
1368 2039 1403 2097 et
1416 2028 1482 2096 sibi
1494 2038 1530 2095 et
1542 2028 1605 2097 So-

370 2146 487 2215 cietati
502 2146 670 2233 proficiet,
687 2148 779 2218 vnde
798 2145 997 2232 scripsimus
1018 2156 1056 2213 ut
1077 2145 1113 2213 in
1134 2144 1272 2215 ltaliam.
1287 2144 1481 2215 mitteretur
1501 2156 1527 2213 ⁸.
1550 2148 1605 2217 De

370 2261 425 2331 his
442 2261 536 2329 uolui
551 2260 677 2331 Rtiam.
696 2264 738 2329 T.
756 2261 938 2331 certiorem
954 2259 969 2301 b
990 2262 1114 2345 lacere,
1133 2271 1168 2329 et
1188 2262 1282 2347 quod
1301 2260 1404 2330 etiam
1425 2262 1469 2333 de
1492 2284 1605 2349 coquo

371 2380 415 2446 ad
430 2399 495 2445 nos
507 2377 717 2447 remittendo
732 2378 854 2445 iisdem
868 2376 1115 2447 viennensibus
1130 2376 1296 2464 scriptum
1312 2390 1365 2447 est
1382 2380 1408 2449 ¹.

438 2495 492 2561 De
506 2505 616 2580 peste,
634 2515 723 2579 quae
738 2492 904 2561 Coloniae
920 2504 1109 2581 grassatur,
1128 2492 1286 2561 audimus
1306 2505 1343 2563 et
1363 2494 1602 2581 compatimur.

371 2609 546 2697 Dignatur
561 2608 732 2677 Dominus
747 2610 954 2680 adsalutem
971 2610 1163 2677 animarum
1180 2632 1255 2679 eam
1272 2621 1489 2681 conuertere.

440 2724 529 2792 Aliis
548 2726 593 2793 de
613 2727 730 2808 rebus,
748 2748 837 2813 quae
856 2728 901 2793 ad
921 2724 1191 2795 aedificationem
1213 2725 1356 2807 iaciunt,
1379 2729 1468 2808 Dee,
1492 2728 1604 2794 bono-

373 2864 449 2909 rum
466 2841 618 2909 omnium
635 2853 650 2884 ⁰
668 2843 818 2924 authori,
835 2844 965 2930 gratias
987 2841 1137 2929 agimuS,
1155 2864 1401 2931 precamurque
1417 2854 1456 2909 ut
1477 2842 1605 2911 instru-

373 2969 489 3027 menta
504 2957 640 3025 inutilia
653 2958 756 3026 faciat
771 2958 808 3026 in
828 2958 903 3027 dies
923 2957 1057 3028 utiliora
1077 2961 1121 3027 ad
1140 2982 1183 3027 ea
1202 2960 1418 3047 praestanda,
1437 2980 1529 3045 quae
1550 2960 1603 3027 fu·

374 3086 452 3143 tura
465 3085 548 3142 sunt
564 3076 608 3142 ad
623 3073 767 3161 gloriam
783 3074 891 3162 ipsius
907 3087 942 3145 et
957 3076 1148 3145 animarum
1164 3078 1320 3146 salutem.

440 3189 534 3259 Hinc
549 3190 694 3277 protecti
709 3203 791 3258 sunt
807 3190 906 3260 hisce
921 3192 1043 3261 diebus
1060 3196 1185 3261 Petrus
1200 3194 1322 3261 Hoefst
1342 3204 1378 3261 et
1397 3194 1425 3261 F
1426 3192 1605 3261 ranciscus

373 3308 580 3375 Aemerulus
595 3308 638 3374 ad
653 3306 838 3394 collegium
854 3307 1054 3389 viennense
1072 3308 1231 3379 Andreas
1251 3330 1334 3379 uero
1352 3310 1467 3395 Lyner
1488 3309 1602 3377 Loua-

372 3421 466 3490 nium
488 3422 583 3510 prius
604 3421 655 3492 ire
675 3422 798 3504 uoluit,
814 3426 938 3504 donec,
961 3424 1065 3493 rebus
1086 3423 1285 3510 compositis
1307 3424 1484 3505 Coloniae,
1508 3434 1605 3511 post·

372 3558 475 3624 quam
499 3537 605 3625 pestis
627 3537 778 3620 desierit,
803 3538 924 3625 possit,
950 3540 994 3609 V.
1020 3538 1127 3610 Rtiae.
1153 3538 1311 3619 consilio,
1339 3551 1398 3606 aut
1419 3538 1602 3621 Viennam,

372 3664 433 3720 aut
448 3654 553 3721 alium
569 3653 605 3721 in
619 3654 734 3722 locum
749 3676 787 3723 se
802 3655 971 3723 conferre.

439 3772 534 3857 Mag.
557 3770 735 3838 Gerardus
757 3770 914 3837 Brassica
941 3770 1148 3856 quotidianis
1169 3772 1334 3855 febribus,
1363 3771 1523 3857 quamuis
1544 3796 1605 3860 pa·

373 3884 509 3967 tienter,
527 3897 567 3952 ut
582 3888 682 3955 decet
697 3906 837 3954 seruum
854 3886 932 3969 Dei,
950 3887 1094 3955 laborat.
1114 3888 1325 3957 commenda
1338 3887 1462 3974 ipsum,
1483 3890 1601 3975 Pater,

371 3999 511 4067 domino
522 4004 607 4089 Jesu
622 4001 772 4083 Christo,
791 4001 851 4089 qui
869 4024 950 4070 uera
966 4003 1059 4071 salus
1075 4013 1110 4072 et
1125 4002 1198 4069 uita
1213 4012 1331 4071 nostra
1346 4014 1411 4073 est.

422 4248 436 4277 ι
473 4232 661 4290 mitterentur
672 4253 729 4295 ms.
767 4239 819 4281 -b
831 4237 971 4293 Iteratur
982 4239 1036 4293 troc
1049 4238 1171 4293 verbnm
1182 4238 1215 4293 in
1229 4256 1285 4299 ms.
1323 4238 1538 4295 -chominum
1548 4258 1602 4299 rnr.

372 4366 583 4379 *α*

425 4451 433 4484 “
471 4452 517 4507 Ex
528 4452 631 4509 codice
644 4455 764 4529 Regest.
778 4456 806 4526 I,
819 4456 872 4515 iol.
887 4468 945 4528 141.

423 4547 435 4577 ⁸
471 4544 617 4613 Joannem
629 4542 667 4600 de
681 4546 832 4602 Montibus
844 4548 950 4603 merito
966 4548 1064 4605 laudat
1077 4550 1316 4624 Rmrruuauno,
1330 4553 1483 4619 Historia,
1498 4556 1552 4614 hb.
1566 4558 1600 4629 11,

369 4648 435 4777 (ἐξ.
446 4633 500 4705 vl,
510 4650 540 4689 u.
554 4632 598 4706 18,
611 4652 649 4689 ex
658 4652 718 4708 quo
730 4635 855 4708 plurima
865 4636 937 4694 alibi
950 4638 1076 4695 mutuati
1088 4656 1201 4697 sumus.
1211 4642 1393 4719 Pourrttcus¹
1408 4646 1535 4714 ceron„
1550 4650 1598 4722 ΠΙ,
