3567 5409
842 458 1051 515 Mortuum
1070 458 1249 513 1333113113

989 640 1095 721 3742

640 782 781 851 PATRI
805 782 967 851 PAULO
992 781 1183 861 ACHILLI
1206 782 1269 849 EX
1290 780 1443 849 COMM.

810 918 899 962 1101111
915 918 944 959 11
960 916 1157 961 serranus
1172 905 1241 975 1553
1254 905 1276 960 ¹.

427 1014 473 1070 De
489 1014 616 1071 Octavio
627 1013 750 1085 ejusque
755 1012 942 1086 patre-De
946 1010 1106 1083 fratribus
1122 1010 1264 1067 Gerardo
1278 1016 1307 1067 et
1329 1010 1573 1068 modom-De
1589 1016 1647 1069 Aa·

478 1106 553 1160 drea
567 1103 668 1159 Frisio
677 1107 706 1158 el
716 1102 880 1159 Bernardo
894 1101 1042 1166 Oliverio,
1052 1098 1377 1174 aegrotantibus-De
1387 1100 1570 1156 Baithmare
1579 1100 1648 1157 Tur·

479 1193 665 1249 riano.¹-De
679 1192 827 1247 bonorum
841 1192 972 1247 cessione
977 1189 1098 1262 fratris
1111 1189 1216 1263 Rigio.

497 1310 569 1377 Pax
585 1308 726 1377 Christi.

493 1424 729 1493 Riceuessimo
745 1424 857 1509 quelle
872 1436 887 1465 ¹
898 1423 934 1489 di
947 1422 1057 1511 primo
1069 1423 1125 1491 del
1137 1432 1296 1509 presente
1307 1421 1343 1488 di
1354 1424 1399 1489 V.
1414 1424 1456 1490 R.
1471 1424 1516 1489 Et
1528 1435 1648 1508 quanto

427 1540 493 1610 alle
508 1539 688 1627 diligentie
704 1540 751 1606 dil
769 1538 874 1627 padre
888 1541 924 1605 d'
942 1538 1087 1607 Ottauio
1103 1537 1128 1621 '‚
1146 1538 1250 1606 credo
1269 1560 1339 1605 non
1361 1539 1527 1607 accadem
1544 1559 1648 1604 raeco

427 1657 569 1723 mandet
585 1658 651 1724 che
668 1678 738 1723 non
753 1655 777 1722 li
793 1654 920 1723 lassino
936 1656 1045 1724 hauer
1064 1655 1195 1735 effetto,
1220 1652 1264 1721 ne
1283 1657 1360 1721 sarssa
1377 1653 1438 1741 pio
1460 1663 1597 1740 potente
1616 1654 1647 1721 in

426 1772 475 1840 lui
489 1774 523 1839 13
539 1784 653 1852 carne,
672 1774 737 1839 che
752 1772 789 1839 in
805 1769 909 1858 quelli
932 1769 1038 1839 Padri
1057 1768 1092 1837 di
1108 1769 1259 1839 Messina
1274 1769 1298 1835 il
1314 1769 1445 1858 spirito,
1462 1770 1516 1837 col
1539 1769 1653 1835 diuino

428 1888 565 1975 agiuto.
579 1888 614 1954 in
630 1889 744 1973 quello
761 1889 828 1954 che
846 1899 944 1955 tocca
959 1910 980 1955 3
994 1886 1149 1974 giouani.
1317 1890 1319 1895 ’

492 2005 560 2073 Giel
575 2003 604 2071 si
620 2007 640 2071 ὁ
655 2005 776 2071 scritto
792 2004 871 2084 che,
890 2004 1038 2084 volendo
1053 2002 1225 2085 cambiare
1240 2001 1264 2069 il
1279 2002 1412 2071 fratello
1426 2002 1576 2071 Girardo
1588 2026 1650 2069 oon

428 2119 623 2201 Theodoro,
642 2130 789 2207 petrano
805 2120 830 2186 ³.

495 2238 548 2305 De
564 2236 704 2303 Andrea
721 2236 746 2315 ⁴,
770 2234 910 2314 frisone,
932 2234 1010 2303 dice
1030 2234 1054 2300 il
1074 2237 1136 2302 Dr.
1163 2236 1289 2304 Torres
1312 2236 1325 2269 ⁸
1348 2236 1415 2304 che
1441 2236 1533 2302 stari
1553 2236 1654 2301 molto

428 2352 555 2439 meglio
572 2351 607 2417 in
624 2350 768 2431 11331113,
787 2361 823 2420 et
838 2352 871 2417 al
891 2349 1062 2418 contrario
1081 2349 1107 2417 il
1126 2351 1168 2421 P.
1191 2352 1293 2418 Mtro.
1316 2352 1491 2419 Bemardo
1511 2353 1539 2431 ⁸,
1560 2352 1651 2437 peril

430 2469 531 2554 quale
547 2490 616 2534 non
632 2466 662 2533 si
678 2466 811 2553 puotria
829 2477 966 2534 trouare
986 2470 1095 2553 (come
1109 2466 1197 2554 dice)
1213 2466 1358 2553 meglior
1373 2466 1444 2535 aria
1456 2465 1472 2507 '³
1486 2465 1522 2533 di
1543 2469 1653 2552 quello

429 2584 464 2651 di
483 2584 638 2651 Palermo
654 2583 735 2650 nell’
752 2582 933 2649 inuernata
948 2582 983 2647 in
1004 2593 1101 2668 parte
1122 2584 1257 2664 alcuna,
1280 2592 1315 2652 et
1334 2580 1407 2651 cosi
1429 2584 1478 2651 N.
1507 2584 1547 2652 Ρ.
1566 2581 1592 2647 l'
1611 2586 1652 2649 ha

431 2700 516 2765 fatto
532 2699 684 2766 scriuere
700 2698 813 2783 questi
828 2697 953 2785 giomi:
971 2719 1042 2764 non
1058 2720 1097 2765 so
1112 2720 1151 2768 se
1166 2699 1199 2767 le
1221 2698 1340 2766 lettere
1360 2720 1483 2766 sarano
1498 2698 1649 2766 arriuate.

497 2814 598 2882 Circa
614 2813 717 2899 quelli
733 2813 777 2895 46
799 2811 875 2885 vfli
890 2814 946 2880 del
961 2814 1006 2879 D.
1025 2815 1162 2895 Torres,
1181 2816 1226 2881 V.
1245 2816 1286 2881 R.
1301 2814 1376 2882 1313
1397 2812 1422 2880 11
1445 2814 1569 2901 meglio
1595 2817 1654 2881 che

431 2930 543 3017 potrm
566 2932 644 3011 che,
666 2929 702 2994 d'
719 2930 828 2997 hauer
844 2929 1021 3016 pacienza,
1047 2929 1083 2995 in
1105 2928 1275 3017 maggiori
1297 2952 1378 2998 cose
1400 2931 1424 2996 l'
1449 2928 1651 2997 haueriamo.

432 3048 537 3113 Basta
551 3043 606 3111 ch'
621 3044 761 3111 intende
776 3045 809 3110 13
825 3046 867 3111 R.
886 3044 930 3111 V.
949 3046 1015 3114 che
1029 3066 1165 3132 sempre
1176 3046 1244 3113 che
1257 3045 1420 3114 venirano
1435 3068 1556 3114 sarano
1571 3046 1654 3113 assei

431 3184 452 3229 a
468 3161 562 3227 buon
581 3172 695 3246 tempo
711 3182 773 3247 per
789 3180 897 3247 pagar
912 3173 1009 3246 parte
1023 3161 1068 3227 de
1084 3160 1170 3227 tanti
1185 3159 1293 3230 debiti
1308 3164 1372 3228 che
1386 3161 1581 3228 habbiamo.

497 3266 542 3335 D'
558 3270 643 3336 altre
663 3288 743 3336 cose
766 3266 795 3334 si
815 3266 930 3334 scriue
946 3268 979 3333 al
1002 3266 1112 3335 Padre
1132 3266 1332 3355 prouincial,
1355 3282 1389 3337 et
1417 3267 1491 3337 cosi
1515 3290 1584 3335 non
1610 3269 1653 3333 mi

431 3383 592 3453 stendero
607 3382 642 3449 in
659 3384 758 3463 altre,
778 3384 955 3469 pregando
971 3383 1003 3450 13
1020 3382 1138 3452 diuina
1152 3395 1188 3451 et
1203 3405 1336 3453 summa
1347 3385 1453 3452 bontrl
1464 3382 1514 3453 sia
1527 3406 1654 3471 sempre

423 3500 467 3567 ,in
483 3498 602 3587 agiuto
619 3512 654 3565 et
670 3500 769 3567 fauor
784 3498 818 3565 di
836 3497 929 3565 tutti.
949 3500 1074 3567 Amen.

497 3615 543 3683 Di
560 3617 670 3682 Roma
691 3633 726 3682 11
745 3615 789 3684 de
805 3614 1002 3683 settembre
1021 3628 1117 3700 1553.

412 3736 417 3747 '
498 3731 696 3816 Inscriptio.
718 3730 887 3797 Palerm0.

483 3988 499 4016 ⁸
536 3972 627 4045 quelli
642 3990 697 4027 ms.
736 3975 786 4015 -b
799 3988 868 4027 area
880 3988 936 4030 ms.

433 4088 631 4099 —————-

412 4200 415 4211 ,
488 4146 497 4179 ¹
534 4144 579 4199 Ex
593 4142 695 4199 codiee
711 4142 828 4215 Regest.
844 4142 871 4211 1,
883 4142 935 4200 fol.
949 4154 1015 4212 25v.
1222 4145 1235 4179 ‘
1270 4143 1410 4201 Nicolnus
1420 4146 1528 4203 Petrus
1540 4146 1653 4204 Cam.

413 4284 418 4297 ,
486 4235 497 4267 ³
534 4232 685 4289 Gerardus
707 4231 875 4306 Lapidanus
893 4232 1288 4305 etTheodorusPeltanus,
1306 4234 1470 4309 dequibus
1490 4236 1655 4311 saepissime

433 4322 556 4379 dietum.

486 4415 498 4447 ⁴
536 4410 671 4467 Andreas
682 4411 848 4466 Boccatius.
863 4410 955 4465 Porro
968 4411 1016 4466 hic
1027 4419 1169 4484 quartana
1182 4410 1259 4466 febri
1272 4413 1423 4469 labombat
1435 4413 1536 4471 llonte
1547 4415 1654 4485 Regali.

433 4500 618 4570 Portunus,
635 4498 761 4563 chron„
776 4497 831 4568 111,
845 4498 908 4558 231.

487 4592 499 4625 ³
536 4588 686 4645 Laudatus
701 4604 790 4661 saepe
803 4588 957 4643 Balthnsar
969 4589 1142 4660 Turrianue,
1155 4588 1287 4645 medicus
1300 4589 1370 4645 olim
1383 4591 1516 4664 protegis
1533 4591 1654 4650 Siciliae.

489 4681 501 4714 ⁶
538 4676 706 4734 Bernardus
720 4675 882 4736 Oliverius.
